1503516906,3257.440000000000,0.020000000000
1503516965,3250.400000000000,0.140000000000
1503516975,3255.980000000000,0.010000000000
1503516985,3255.930000000000,0.020000000000
1503516994,3255.980000000000,0.030000000000
1503516999,3256.070000000000,0.020000000000
1503517020,3256.400000000000,0.060000000000
1503517020,3256.410000000000,0.166603670000
1503517020,3256.550000000000,0.083396330000
1503517028,3256.950000000000,0.460000000000
1503517035,3257.300000000000,0.040000000000
1503517075,3256.890000000000,0.020000000000
1503517077,3256.890000000000,0.020000000000
1503517081,3256.890000000000,0.060000000000
1503517089,3256.890000000000,0.050000000000
1503517097,3256.890000000000,0.266000000000
1503517097,3256.900000000000,0.584000000000
1503517135,3256.890000000000,0.010000000000
1503517147,3256.880000000000,0.040000000000
1503517152,3256.880000000000,0.010000000000
1503517152,3256.880000000000,0.140000000000
1503517154,3256.880000000000,0.030000000000
1503517201,3258.010000000000,0.010000000000
1503517208,3258.010000000000,0.010000000000
1503517214,3258.010000000000,0.020000000000
1503517241,3259.060000000000,0.020000000000
1503517248,3259.060000000000,0.010000000000
1503517251,3259.060000000000,0.077000000000
1503517251,3259.070000000000,0.003000000000
1503517256,3259.060000000000,0.098000000000
1503517256,3259.070000000000,0.034781050000
1503517256,3259.750000000000,0.013278830000
1503517256,3260.070000000000,0.037180340000
1503517256,3261.090000000000,0.068548270000
1503517256,3261.880000000000,0.058211510000
1503517280,3263.400000000000,0.010000000000
1503517288,3265.630000000000,0.010000000000
1503517320,3260.740000000000,0.010000000000
1503517353,3260.740000000000,0.010000000000
1503517354,3260.740000000000,0.010000000000
1503517368,3260.740000000000,0.060000000000
1503517381,3264.890000000000,0.010000000000
1503517388,3264.920000000000,0.010000000000
1503517388,3265.460000000000,0.060000000000
1503517399,3265.640000000000,0.012603900000
1503517399,3265.680000000000,0.067396100000
1503517400,3265.680000000000,0.025197250000
1503517400,3265.680000000000,0.013307550000
1503517400,3265.680000000000,0.013147500000
1503517400,3266.250000000000,0.008347700000
1503517434,3266.210000000000,0.050000000000
1503517445,3266.210000000000,0.020000000000
1503517457,3266.210000000000,0.150000000000
1503517473,3266.210000000000,0.020000000000
1503517483,3263.440000000000,0.010000000000
1503517549,3259.370000000000,0.030000000000
1503517581,3259.370000000000,0.005157730000
1503517581,3259.380000000000,0.014842270000
1503517583,3259.380000000000,0.010000000000
1503517628,3255.840000000000,0.030000000000
1503517628,3255.840000000000,0.506000000000
1503517628,3255.830000000000,0.050000000000
1503517628,3254.550000000000,0.284000000000
1503517630,3259.430000000000,0.029597600000
1503517630,3261.120000000000,0.000402400000
1503517642,3261.080000000000,0.030000000000
1503517650,3261.110000000000,0.010000000000
1503517663,3260.640000000000,0.010000000000
1503517666,3260.620000000000,0.100000000000
1503517668,3260.620000000000,0.010000000000
1503517689,3260.410000000000,0.030000000000
1503517703,3260.320000000000,0.020000000000
1503517743,3259.890000000000,0.080668490000
1503517743,3260.140000000000,0.009331510000
1503517753,3259.790000000000,0.010000000000
1503517755,3259.790000000000,0.050000000000
1503517842,3257.460000000000,0.030000000000
1503517842,3257.460000000000,0.030000000000
1503517847,3253.120000000000,0.140000000000
1503517854,3257.460000000000,0.010000000000
1503517891,3257.460000000000,0.060000000000
1503517897,3260.090000000000,0.100000000000
1503517927,3262.560000000000,0.030000000000
1503517952,3262.420000000000,0.030000000000
1503518015,3258.000000000000,0.090000000000
1503518064,3258.000000000000,0.050000000000
1503518075,3258.000000000000,0.030000000000
1503518092,3258.000000000000,0.076000000000
1503518092,3258.010000000000,0.074000000000
1503518125,3258.010000000000,0.120000000000
1503518132,3258.010000000000,0.030000000000
1503518156,3257.600000000000,0.020000000000
1503518178,3257.600000000000,0.030000000000
1503518234,3250.010000000000,0.350000000000
1503518238,3257.580000000000,0.010000000000
1503518291,3255.630000000000,0.120000000000
1503518292,3255.630000000000,0.020000000000
1503518323,3253.050000000000,0.020000000000
1503518324,3250.010000000000,0.070000000000
1503518344,3252.880000000000,0.010000000000
1503518348,3252.880000000000,0.020000000000
1503518401,3252.240000000000,0.030000000000
1503518441,3250.000000000000,0.015000000000
1503518441,3249.990000000000,0.009274360000
1503518442,3249.990000000000,0.031944250000
1503518443,3249.990000000000,0.008781390000
1503518443,3249.990000000000,0.022615870000
1503518443,3249.990000000000,0.127384130000
1503518443,3242.100000000000,0.029456860000
1503518443,3242.100000000000,0.000543140000
1503518443,3242.090000000000,0.031252630000
1503518444,3242.090000000000,0.009926080000
1503518462,3237.250000000000,0.030000000000
1503518463,3236.660000000000,0.100000000000
1503518481,3233.950000000000,0.030000000000
1503518492,3233.950000000000,0.040000000000
1503518511,3231.030000000000,0.015824100000
1503518511,3229.470000000000,0.050000000000
1503518511,3229.010000000000,0.030000000000
1503518511,3229.000000000000,1.303000000000
1503518511,3228.930000000000,0.060000000000
1503518519,3228.400000000000,0.020000000000
1503518526,3228.400000000000,0.030000000000
1503518587,3226.420000000000,0.014930220000
1503518587,3226.470000000000,0.075069780000
1503518599,3226.470000000000,0.050000000000
1503518606,3226.510000000000,0.020000000000
1503518607,3226.510000000000,0.087757950000
1503518607,3227.350000000000,0.002242050000
1503518620,3225.690000000000,0.053815050000
1503518620,3225.000000000000,0.050000000000
1503518620,3212.850000000000,0.066184950000
1503518622,3214.750000000000,0.050000000000
1503518622,3212.850000000000,0.297815050000
1503518622,3204.440000000000,0.952184950000
1503518629,3226.260000000000,0.030000000000
1503518650,3223.490000000000,0.010000000000
1503518661,3223.490000000000,0.005836730000
1503518661,3224.440000000000,0.014163270000
1503518713,3217.400000000000,0.015836330000
1503518713,3213.070000000000,0.084163670000
1503518718,3226.260000000000,0.150000000000
1503518775,3224.000000000000,0.032688180000
1503518775,3224.620000000000,0.015838630000
1503518775,3226.220000000000,0.011473190000
1503518777,3226.220000000000,0.020000000000
1503518795,3226.030000000000,0.020000000000
1503518802,3226.260000000000,0.020000000000
1503518817,3226.260000000000,0.090000000000
1503518831,3226.260000000000,0.020000000000
1503518842,3226.300000000000,0.210000000000
1503518888,3226.700000000000,0.040000000000
1503518904,3226.700000000000,0.010000000000
1503518925,3226.700000000000,0.060000000000
1503518944,3226.700000000000,0.060000000000
1503518953,3226.700000000000,0.150000000000
1503518970,3226.700000000000,0.030000000000
1503518983,3226.700000000000,0.020000000000
1503519029,3226.720000000000,0.090000000000
1503519037,3221.440000000000,0.050000000000
1503519038,3226.720000000000,0.032056920000
1503519038,3226.730000000000,0.017943080000
1503519042,3226.730000000000,0.030000000000
1503519056,3227.570000000000,0.106572580000
1503519056,3228.520000000000,0.013427420000
1503519086,3233.440000000000,0.010000000000
1503519137,3237.560000000000,0.067117750000
1503519137,3237.560000000000,0.014616490000
1503519137,3238.340000000000,0.018265760000
1503519137,3238.340000000000,0.130000000000
1503519139,3238.340000000000,0.050000000000
1503519159,3234.760000000000,0.015734240000
1503519159,3234.770000000000,0.078167880000
1503519159,3234.780000000000,0.006097880000
1503519162,3234.780000000000,0.010000000000
1503519208,3230.130000000000,0.029463490000
1503519208,3230.130000000000,0.029113920000
1503519208,3230.130000000000,0.011022530000
1503519208,3230.130000000000,0.030682270000
1503519208,3230.130000000000,0.029857450000
1503519208,3230.130000000000,0.019860340000
1503519233,3230.130000000000,0.012778590000
1503519233,3230.130000000000,0.018508480000
1503519233,3230.130000000000,0.031513830000
1503519233,3231.390000000000,0.047199100000
1503519245,3232.930000000000,0.010000000000
1503519266,3231.310000000000,0.090000000000
1503519311,3230.250000000000,0.050000000000
1503519311,3230.460000000000,0.050000000000
1503519325,3230.500000000000,0.080000000000
1503519344,3228.900000000000,0.030000000000
1503519344,3228.900000000000,0.000929840000
1503519344,3228.900000000000,0.028492840000
1503519344,3228.900000000000,0.015386820000
1503519344,3228.900000000000,0.016371440000
1503519344,3228.900000000000,0.032205440000
1503519344,3229.680000000000,0.056613620000
1503519365,3229.940000000000,0.030000000000
1503519388,3221.620000000000,0.510000000000
1503519388,3221.610000000000,0.015836710000
1503519388,3221.210000000000,0.050000000000
1503519388,3221.000000000000,0.150000000000
1503519388,3219.290000000000,0.144163290000
1503519455,3228.330000000000,0.050000000000
1503519476,3220.440000000000,0.020000000000
1503519507,3228.360000000000,0.020000000000
1503519536,3233.660000000000,0.030000000000
1503519551,3233.660000000000,0.042034700000
1503519551,3233.700000000000,0.017965300000
1503519578,3233.700000000000,0.020000000000
1503519596,3237.980000000000,0.015839930000
1503519596,3238.740000000000,0.024160070000
1503519675,3240.660000000000,0.030000000000
1503519680,3240.660000000000,0.010000000000
1503519696,3241.400000000000,0.030000000000
1503519697,3241.400000000000,0.010000000000
1503519727,3239.880000000000,0.030000000000
1503519737,3240.180000000000,0.040000000000
1503519747,3240.190000000000,0.030000000000
1503519758,3240.220000000000,0.050000000000
1503519781,3240.220000000000,0.080000000000
1503519826,3240.260000000000,0.010000000000
1503519829,3243.250000000000,0.080000000000
1503519836,3244.470000000000,0.060000000000
1503519843,3244.470000000000,0.030000000000
1503519847,3244.470000000000,0.030000000000
1503519847,3244.470000000000,0.050000000000
1503519856,3243.720000000000,0.010000000000
1503519878,3243.720000000000,0.080000000000
1503519896,3243.720000000000,0.010000000000
1503519899,3243.720000000000,0.030000000000
1503519899,3243.720000000000,0.040000000000
1503519933,3243.790000000000,0.080000000000
1503519933,3243.800000000000,0.040000000000
1503519947,3244.020000000000,0.060000000000
1503520005,3242.910000000000,0.029056620000
1503520005,3243.020000000000,0.010943380000
1503520006,3243.020000000000,0.010000000000
1503520013,3242.550000000000,0.050000000000
1503520013,3243.060000000000,0.040000000000
1503520043,3243.330000000000,0.060000000000
1503520043,3243.330000000000,0.010000000000
1503520047,3243.330000000000,0.040000000000
1503520061,3243.330000000000,0.020000000000
1503520092,3242.580000000000,0.030000000000
1503520102,3242.720000000000,0.050000000000
1503520123,3242.580000000000,0.480000000000
1503520215,3241.510000000000,0.050000000000
1503520215,3241.530000000000,0.050000000000
1503520254,3240.460000000000,0.020000000000
1503520258,3240.460000000000,0.020000000000
1503520277,3240.460000000000,0.010000000000
1503520319,3240.310000000000,0.030000000000
1503520322,3240.310000000000,0.010000000000
1503520328,3240.310000000000,0.019187840000
1503520329,3240.310000000000,0.020000000000
1503520329,3240.310000000000,0.150000000000
1503520348,3240.310000000000,0.030000000000
1503520352,3240.310000000000,0.010000000000
1503520354,3240.310000000000,0.020000000000
1503520361,3240.360000000000,0.062665230000
1503520361,3240.360000000000,0.037334770000
1503520376,3240.230000000000,0.040000000000
1503520436,3239.950000000000,0.018191680000
1503520436,3239.950000000000,0.001808320000
1503520455,3239.950000000000,0.060000000000
1503520468,3239.950000000000,0.025330970000
1503520468,3240.000000000000,0.054669030000
1503520493,3240.110000000000,0.012918450000
1503520493,3240.110000000000,0.042745180000
1503520493,3240.160000000000,0.044336370000
1503520525,3236.950000000000,0.010000000000
1503520542,3236.490000000000,0.030000000000
1503520577,3236.320000000000,0.010000000000
1503520587,3236.350000000000,0.038749290000
1503520587,3236.350000000000,0.001250710000
1503520591,3236.350000000000,0.010000000000
1503520608,3236.350000000000,0.150000000000
1503520621,3233.040000000000,0.010000000000
1503520622,3233.040000000000,0.020000000000
1503520653,3233.040000000000,0.080000000000
1503520659,3233.040000000000,0.020000000000
1503520697,3230.950000000000,0.050000000000
1503520703,3230.950000000000,0.040000000000
1503520711,3224.970000000000,0.070000000000
1503520741,3229.320000000000,0.070000000000
1503520765,3229.310000000000,0.070000000000
1503520781,3229.320000000000,0.010000000000
1503520810,3228.460000000000,0.010000000000
1503520923,3228.490000000000,0.020000000000
1503520947,3228.090000000000,0.064180960000
1503520947,3228.490000000000,0.055819040000
1503520956,3228.490000000000,0.010000000000
1503520992,3218.730000000000,0.510000000000
1503520992,3218.200000000000,0.050000000000
1503520992,3214.890000000000,0.060000000000
1503520997,3210.910000000000,0.020000000000
1503520997,3210.900000000000,0.070000000000
1503521002,3226.980000000000,0.020000000000
1503521010,3227.030000000000,0.010000000000
1503521044,3226.000000000000,0.070000000000
1503521074,3224.990000000000,0.010000000000
1503521085,3224.910000000000,0.010000000000
1503521107,3224.970000000000,0.050000000000
1503521107,3224.970000000000,0.030000000000
1503521146,3225.550000000000,0.060000000000
1503521168,3223.160000000000,0.030000000000
1503521199,3222.760000000000,0.050000000000
1503521203,3222.740000000000,0.020000000000
1503521235,3219.780000000000,0.040000000000
1503521257,3219.680000000000,0.020000000000
1503521291,3218.740000000000,0.060000000000
1503521291,3218.740000000000,0.010000000000
1503521293,3218.710000000000,0.150000000000
1503521303,3218.650000000000,0.030000000000
1503521322,3218.500000000000,0.060000000000
1503521324,3218.500000000000,0.010000000000
1503521328,3211.210000000000,0.021767760000
1503521328,3211.210000000000,0.028232240000
1503521356,3211.210000000000,0.010000000000
1503521360,3211.210000000000,0.060000000000
1503521366,3211.210000000000,0.010000000000
1503521371,3211.210000000000,0.020000000000
1503521374,3211.210000000000,0.050000000000
1503521386,3211.210000000000,0.032402400000
1503521386,3211.210000000000,0.017597600000
1503521391,3211.210000000000,0.015146520000
1503521391,3211.990000000000,0.004853480000
1503521417,3211.210000000000,0.094786180000
1503521417,3211.210000000000,0.025213820000
1503521447,3211.210000000000,0.174441780000
1503521447,3211.210000000000,0.015047270000
1503521447,3211.210000000000,0.057793700000
1503521447,3211.210000000000,0.023084230000
1503521447,3211.210000000000,0.029633020000
1503521452,3211.210000000000,0.020000000000
1503521453,3211.210000000000,0.150000000000
1503521454,3211.210000000000,0.010000000000
1503521457,3211.210000000000,0.170000000000
1503521458,3211.210000000000,0.090000000000
1503521476,3211.210000000000,0.020000000000
1503521481,3211.210000000000,0.060000000000
1503521491,3210.000000000000,0.055663000000
1503521491,3209.610000000000,0.050000000000
1503521491,3209.290000000000,0.034337000000
1503521517,3217.420000000000,0.040000000000
1503521517,3217.420000000000,0.020000000000
1503521524,3217.420000000000,0.020000000000
1503521532,3217.420000000000,0.014017710000
1503521532,3218.810000000000,0.015982290000
1503521535,3218.810000000000,0.110000000000
1503521545,3218.810000000000,0.020000000000
1503521559,3218.810000000000,0.100000000000
1503521559,3218.810000000000,0.060000000000
1503521562,3205.300000000000,0.010000000000
1503521580,3218.810000000000,0.010000000000
1503521582,3218.810000000000,0.014017710000
1503521582,3218.820000000000,0.005982290000
1503521588,3210.770000000000,0.510000000000
1503521588,3210.760000000000,0.015891840000
1503521588,3206.950000000000,0.050000000000
1503521588,3205.720000000000,0.304108160000
1503521591,3218.820000000000,0.057515800000
1503521591,3220.970000000000,0.092484200000
1503521614,3220.960000000000,0.010000000000
1503521626,3218.930000000000,0.020000000000
1503521651,3218.940000000000,0.015893080000
1503521651,3220.280000000000,0.084106920000
1503521659,3220.270000000000,0.050000000000
1503521688,3219.530000000000,0.030000000000
1503521768,3225.040000000000,0.010000000000
1503521784,3225.040000000000,0.030000000000
1503521790,3225.040000000000,0.025458760000
1503521790,3225.440000000000,0.150000000000
1503521790,3225.440000000000,0.060000000000
1503521790,3227.910000000000,0.004541240000
1503521796,3227.920000000000,0.015890070000
1503521796,3228.960000000000,0.074109930000
1503521841,3228.970000000000,0.012302330000
1503521841,3229.300000000000,0.012534230000
1503521841,3229.960000000000,0.025163440000
1503521845,3230.020000000000,0.020000000000
1503521847,3230.020000000000,0.056980160000
1503521847,3230.400000000000,0.003019840000
1503521893,3237.010000000000,0.015882720000
1503521893,3242.120000000000,0.054117280000
1503521903,3239.010000000000,0.015883020000
1503521903,3242.120000000000,0.004116980000
1503521903,3242.120000000000,0.240000000000
1503521911,3242.120000000000,0.090000000000
1503521922,3242.120000000000,0.020000000000
1503521927,3242.120000000000,0.100000000000
1503521927,3242.120000000000,0.040000000000
1503521931,3242.120000000000,0.010000000000
1503521931,3242.120000000000,0.013658230000
1503521931,3247.090000000000,0.136341770000
1503521950,3246.610000000000,0.015884060000
1503521950,3247.590000000000,0.044115940000
1503521973,3254.550000000000,0.030000000000
1503521978,3254.520000000000,0.019353500000
1503521978,3254.550000000000,0.247232890000
1503521978,3254.550000000000,0.433413610000
1503521986,3254.490000000000,0.020000000000
1503521987,3254.490000000000,0.020000000000
1503522016,3253.700000000000,0.015882330000
1503522016,3254.480000000000,0.084117670000
1503522016,3254.480000000000,0.010000000000
1503522023,3248.200000000000,0.030000000000
1503522026,3254.470000000000,0.010000000000
1503522026,3254.480000000000,0.020000000000
1503522031,3254.480000000000,0.150000000000
1503522032,3254.480000000000,0.001972130000
1503522032,3254.490000000000,0.078027870000
1503522035,3254.490000000000,0.014837190000
1503522035,3254.490000000000,0.075162810000
1503522036,3254.490000000000,0.010000000000
1503522046,3254.470000000000,0.020000000000
1503522046,3254.490000000000,0.020000000000
1503522049,3254.490000000000,0.120000000000
1503522072,3254.490000000000,0.010000000000
1503522073,3254.490000000000,0.090000000000
1503522073,3254.490000000000,0.080000000000
1503522107,3254.420000000000,0.030000000000
1503522117,3254.420000000000,0.100000000000
1503522127,3254.420000000000,0.130000000000
1503522128,3254.420000000000,0.010000000000
1503522136,3254.420000000000,0.030000000000
1503522153,3254.420000000000,0.010000000000
1503522160,3254.420000000000,0.002228140000
1503522160,3255.050000000000,0.007771860000
1503522174,3255.050000000000,0.020000000000
1503522191,3255.050000000000,0.079350090000
1503522191,3255.060000000000,0.017222150000
1503522191,3255.270000000000,0.213427760000
1503522201,3255.270000000000,0.100000000000
1503522222,3255.790000000000,0.020000000000
1503522254,3255.480000000000,0.010000000000
1503522260,3255.480000000000,0.007801950000
1503522260,3255.650000000000,0.002198050000
1503522269,3255.650000000000,0.090000000000
1503522270,3255.650000000000,0.010000000000
1503522283,3255.640000000000,0.020000000000
1503522298,3255.650000000000,0.050000000000
1503522309,3255.700000000000,0.030000000000
1503522313,3255.700000000000,0.015315680000
1503522313,3255.820000000000,0.004684320000
1503522325,3256.820000000000,0.030000000000
1503522340,3256.820000000000,0.040000000000
1503522352,3256.820000000000,0.020000000000
1503522371,3256.820000000000,0.040000000000
1503522406,3256.820000000000,0.100000000000
1503522408,3256.820000000000,0.020000000000
1503522411,3256.820000000000,0.110000000000
1503522428,3256.820000000000,0.240000000000
1503522504,3259.220000000000,0.020000000000
1503522536,3259.260000000000,0.030000000000
1503522536,3259.260000000000,0.020000000000
1503522591,3259.040000000000,0.030917660000
1503522591,3259.040000000000,0.032574990000
1503522591,3259.550000000000,0.066507350000
1503522609,3259.550000000000,0.010000000000
1503522609,3259.550000000000,0.030000000000
1503522623,3259.540000000000,0.090000000000
1503522625,3259.540000000000,0.030000000000
1503522655,3252.790000000000,0.150000000000
1503522655,3252.250000000000,0.015876470000
1503522655,3252.000000000000,0.014472530000
1503522655,3251.840000000000,0.032596790000
1503522673,3252.750000000000,0.030000000000
1503522694,3255.410000000000,0.020000000000
1503522696,3255.360000000000,0.250000000000
1503522699,3247.050000000000,0.030935450000
1503522699,3247.050000000000,0.029039660000
1503522699,3253.730000000000,0.090024890000
1503522709,3244.620000000000,0.015879140000
1503522726,3243.860000000000,0.150000000000
1503522754,3243.810000000000,0.150000000000
1503522772,3243.100000000000,0.030000000000
1503522781,3236.560000000000,0.013667710000
1503522781,3240.690000000000,0.076332290000
1503522788,3240.670000000000,0.020000000000
1503522800,3240.670000000000,0.060000000000
1503522819,3240.670000000000,0.060000000000
1503522828,3236.570000000000,0.020000000000
1503522832,3236.560000000000,0.150000000000
1503522901,3236.560000000000,0.010000000000
1503522905,3236.560000000000,0.060000000000
1503522951,3236.550000000000,0.030000000000
1503523003,3236.550000000000,0.120000000000
1503523019,3236.550000000000,0.030000000000
1503523026,3236.550000000000,0.030000000000
1503523045,3236.580000000000,0.015608410000
1503523045,3239.340000000000,0.004391590000
1503523063,3239.190000000000,0.010000000000
1503523073,3238.650000000000,0.020631930000
1503523073,3238.700000000000,0.018669510000
1503523073,3238.740000000000,0.020698560000
1503523103,3238.740000000000,0.020000000000
1503523105,3238.740000000000,0.020000000000
1503523142,3238.740000000000,0.025195790000
1503523142,3239.110000000000,0.034804210000
1503523149,3239.110000000000,0.010000000000
1503523183,3239.340000000000,0.012748190000
1503523183,3240.800000000000,0.007251810000
1503523194,3239.170000000000,0.150000000000
1503523199,3237.230000000000,0.010000000000
1503523199,3237.230000000000,0.010000000000
1503523205,3237.230000000000,0.020000000000
1503523234,3236.160000000000,0.010000000000
1503523239,3236.160000000000,0.014393550000
1503523239,3237.230000000000,0.015606450000
1503523295,3237.620000000000,0.140000000000
1503523316,3238.750000000000,0.030000000000
1503523318,3238.750000000000,0.060000000000
1503523337,3242.260000000000,0.090266720000
1503523337,3244.060000000000,0.059733280000
1503523357,3242.230000000000,0.019963990000
1503523357,3242.650000000000,0.010036010000
1503523375,3242.650000000000,0.050000000000
1503523403,3242.650000000000,0.150000000000
1503523414,3242.650000000000,0.150000000000
1503523417,3242.650000000000,0.030000000000
1503523447,3242.670000000000,0.010000000000
1503523453,3242.570000000000,0.030000000000
1503523454,3242.510000000000,0.020000000000
1503523457,3242.510000000000,0.021220520000
1503523457,3242.570000000000,0.008779480000
1503523583,3242.040000000000,0.010000000000
1503523596,3246.490000000000,0.045116880000
1503523596,3246.520000000000,0.014883120000
1503523598,3246.590000000000,0.039151150000
1503523598,3246.600000000000,0.010848850000
1503523645,3246.480000000000,0.060000000000
1503523656,3246.480000000000,0.030000000000
1503523663,3246.480000000000,0.033763290000
1503523663,3250.800000000000,0.046236710000
1503523665,3250.800000000000,0.010000000000
1503523678,3246.520000000000,0.060000000000
1503523695,3246.520000000000,0.060000000000
1503523731,3246.480000000000,0.030000000000
1503523750,3239.200000000000,0.010000000000
1503523767,3246.430000000000,0.010000000000
1503523767,3246.440000000000,0.060000000000
1503523767,3246.440000000000,0.020000000000
1503523786,3249.690000000000,0.030000000000
1503523830,3244.120000000000,0.010000000000
1503523831,3244.120000000000,0.010146880000
1503523854,3244.130000000000,0.015993430000
1503523854,3245.230000000000,0.020429210000
1503523854,3245.230000000000,0.027445760000
1503523854,3246.210000000000,0.056131600000
1503523861,3244.120000000000,0.030000000000
1503523868,3244.120000000000,0.030000000000
1503523926,3242.260000000000,0.020000000000
1503523947,3242.260000000000,0.030000000000
1503523991,3242.860000000000,0.080000000000
1503524018,3242.860000000000,0.034270540000
1503524018,3242.870000000000,0.013925920000
1503524018,3243.060000000000,0.012372600000
1503524018,3243.090000000000,0.039430940000
1503524038,3241.920000000000,0.010000000000
1503524046,3241.920000000000,0.010000000000
1503524066,3241.920000000000,0.025890360000
1503524066,3242.390000000000,0.064109640000
1503524068,3242.390000000000,0.120000000000
1503524073,3242.390000000000,0.025870090000
1503524073,3242.600000000000,0.014129910000
1503524090,3242.640000000000,0.020674200000
1503524090,3242.640000000000,0.389325800000
1503524099,3242.330000000000,0.019494920000
1503524099,3242.650000000000,0.013604530000
1503524099,3242.690000000000,0.056900550000
1503524111,3241.200000000000,0.020000000000
1503524120,3241.200000000000,0.002512950000
1503524120,3241.210000000000,0.024684740000
1503524120,3241.230000000000,0.092802310000
1503524123,3241.230000000000,0.020000000000
1503524126,3241.230000000000,0.020000000000
1503524131,3241.230000000000,0.020000000000
1503524149,3241.190000000000,0.040000000000
1503524150,3241.190000000000,0.100000000000
1503524167,3241.150000000000,0.040000000000
1503524187,3240.320000000000,0.043376490000
1503524187,3240.670000000000,0.065993200000
1503524187,3240.760000000000,0.040630310000
1503524249,3240.740000000000,0.054167500000
1503524249,3241.130000000000,0.063083300000
1503524249,3241.200000000000,0.024663640000
1503524249,3242.330000000000,0.008085560000
1503524252,3242.320000000000,0.060000000000
1503524291,3240.620000000000,0.016111240000
1503524291,3240.630000000000,0.043888760000
1503524305,3240.620000000000,0.030587820000
1503524305,3240.630000000000,0.091130020000
1503524305,3240.660000000000,0.024588170000
1503524305,3241.080000000000,0.003693990000
1503524326,3241.080000000000,0.066965810000
1503524326,3241.090000000000,0.019193860000
1503524326,3241.160000000000,0.013840330000
1503524329,3241.160000000000,0.020000000000
1503524350,3238.280000000000,0.010000000000
1503524357,3238.280000000000,0.030000000000
1503524358,3238.280000000000,0.003729580000
1503524358,3238.390000000000,0.026270420000
1503524372,3238.390000000000,0.005985080000
1503524372,3238.400000000000,0.004014920000
1503524374,3238.400000000000,0.080000000000
1503524405,3238.380000000000,0.010000000000
1503524408,3238.380000000000,0.030000000000
1503524418,3238.380000000000,0.030000000000
1503524431,3238.380000000000,0.052234700000
1503524431,3238.390000000000,0.007765300000
1503524459,3238.290000000000,0.010000000000
1503524481,3238.300000000000,0.030000000000
1503524484,3238.300000000000,0.010076720000
1503524484,3238.350000000000,0.044561320000
1503524484,3238.740000000000,0.015224970000
1503524484,3238.750000000000,0.040136990000
1503524520,3239.610000000000,0.020000000000
1503524520,3239.610000000000,0.027359120000
1503524520,3239.620000000000,0.122640880000
1503524603,3238.390000000000,0.069909440000
1503524603,3238.450000000000,0.010090560000
1503524608,3238.450000000000,0.003772060000
1503524608,3238.660000000000,0.016227940000
1503524609,3238.660000000000,0.013218650000
1503524609,3238.670000000000,0.016781350000
1503524639,3237.550000000000,0.013999960000
1503524639,3238.220000000000,0.012587900000
1503524639,3238.400000000000,0.023412140000
1503524657,3236.550000000000,0.010000000000
1503524766,3232.830000000000,0.150000000000
1503524897,3231.910000000000,0.010000000000
1503524928,3231.910000000000,0.010000000000
1503524956,3232.330000000000,0.070000000000
1503524993,3232.330000000000,0.030000000000
1503525000,3232.330000000000,0.100000000000
1503525011,3232.330000000000,0.010000000000
1503525072,3230.880000000000,0.030000000000
1503525077,3223.780000000000,0.050000000000
1503525077,3223.740000000000,0.010000000000
1503525084,3230.880000000000,0.020000000000
1503525099,3230.880000000000,0.150000000000
1503525103,3230.880000000000,0.040000000000
1503525127,3230.880000000000,0.020000000000
1503525148,3230.880000000000,0.080000000000
1503525234,3226.540000000000,0.010000000000
1503525269,3222.080000000000,0.020000000000
1503525310,3223.180000000000,0.150000000000
1503525310,3223.290000000000,0.057962310000
1503525310,3223.300000000000,0.027902960000
1503525310,3223.320000000000,0.019587470000
1503525310,3223.330000000000,0.013434660000
1503525310,3223.400000000000,0.061304490000
1503525310,3223.410000000000,0.018673560000
1503525310,3223.430000000000,0.017968450000
1503525310,3223.440000000000,0.026503090000
1503525310,3223.440000000000,0.016663010000
1503525314,3223.440000000000,0.010000000000
1503525335,3223.460000000000,0.024755080000
1503525335,3223.460000000000,0.024560790000
1503525335,3224.220000000000,0.050684130000
1503525340,3224.220000000000,0.013021500000
1503525340,3224.290000000000,0.006978500000
1503525354,3224.290000000000,0.030000000000
1503525372,3224.290000000000,0.020000000000
1503525380,3224.290000000000,0.010217980000
1503525380,3224.330000000000,0.039782020000
1503525388,3224.330000000000,0.010000000000
1503525399,3224.330000000000,0.019819670000
1503525399,3224.580000000000,0.060180330000
1503525428,3224.590000000000,0.010000000000
1503525434,3224.590000000000,0.014309180000
1503525434,3225.400000000000,0.025690820000
1503525460,3225.730000000000,0.025381340000
1503525460,3225.730000000000,0.014658900000
1503525460,3225.760000000000,0.029959760000
1503525467,3225.760000000000,0.001780590000
1503525467,3226.150000000000,0.028219410000
1503525478,3220.110000000000,0.010000000000
1503525481,3225.890000000000,0.150000000000
1503525492,3225.890000000000,0.030000000000
1503525516,3225.890000000000,0.060000000000
1503525523,3225.890000000000,0.010000000000
1503525527,3225.890000000000,0.100000000000
1503525529,3225.890000000000,0.010000000000
1503525546,3225.180000000000,0.036954760000
1503525546,3225.190000000000,0.025004760000
1503525546,3225.270000000000,0.038745410000
1503525546,3225.280000000000,0.046680450000
1503525546,3225.330000000000,0.002614620000
1503525598,3225.330000000000,0.020000000000
1503525605,3220.010000000000,0.010000000000
1503525605,3225.330000000000,0.008973430000
1503525605,3225.340000000000,0.001026570000
1503525626,3225.340000000000,0.020000000000
1503525628,3225.340000000000,0.026977320000
1503525628,3225.350000000000,0.003022680000
1503525664,3225.330000000000,0.030000000000
1503525679,3224.920000000000,0.140000000000
1503525693,3224.130000000000,0.020243060000
1503525693,3224.950000000000,0.009756940000
1503525735,3224.930000000000,0.150000000000
1503525783,3224.930000000000,0.170000000000
1503525802,3221.020000000000,0.015483100000
1503525802,3222.210000000000,0.024516900000
1503525816,3222.210000000000,0.030000000000
1503525826,3222.210000000000,0.007408600000
1503525826,3222.450000000000,0.012591400000
1503525831,3222.450000000000,0.020000000000
1503525846,3222.450000000000,0.036989890000
1503525846,3223.240000000000,0.103010110000
1503525869,3223.240000000000,0.030000000000
1503525906,3223.240000000000,0.030000000000
1503525924,3223.240000000000,0.020000000000
1503526040,3225.320000000000,0.150000000000
1503526053,3225.320000000000,0.020000000000
1503526073,3225.310000000000,0.010000000000
1503526084,3225.320000000000,0.010000000000
1503526137,3225.330000000000,0.030000000000
1503526177,3225.170000000000,0.207523190000
1503526177,3225.330000000000,0.012476810000
1503526188,3225.330000000000,0.027976190000
1503526188,3225.360000000000,0.002023810000
1503526202,3225.170000000000,0.012077730000
1503526202,3225.180000000000,0.137922270000
1503526216,3225.180000000000,0.020000000000
1503526233,3225.180000000000,0.006093830000
1503526233,3225.340000000000,0.743906170000
1503526242,3225.360000000000,0.029785840000
1503526242,3225.380000000000,0.032198520000
1503526242,3225.380000000000,0.238015640000
1503526304,3225.150000000000,0.131004230000
1503526304,3225.380000000000,0.018995770000
1503526337,3225.790000000000,0.030000000000
1503526357,3225.790000000000,0.030000000000
1503526385,3225.790000000000,0.030000000000
1503526410,3227.040000000000,0.010000000000
1503526411,3227.040000000000,0.010000000000
1503526418,3227.040000000000,0.047578840000
1503526418,3228.150000000000,0.032421160000
1503526453,3226.950000000000,0.090000000000
1503526463,3226.950000000000,0.020000000000
1503526480,3226.950000000000,0.020610990000
1503526480,3226.950000000000,0.039389010000
1503526489,3226.950000000000,0.030000000000
1503526493,3226.950000000000,0.250000000000
1503526528,3230.210000000000,0.030000000000
1503526557,3237.740000000000,0.030000000000
1503526559,3237.740000000000,0.050000000000
1503526559,3237.750000000000,0.015832180000
1503526559,3238.050000000000,0.047395410000
1503526559,3239.940000000000,0.036772410000
1503526571,3239.930000000000,0.010000000000
1503526577,3239.930000000000,0.050000000000
1503526618,3239.930000000000,0.020000000000
1503526618,3239.940000000000,0.040000000000
1503526635,3239.930000000000,0.017000000000
1503526635,3239.940000000000,0.025331640000
1503526635,3240.200000000000,0.007668360000
1503526688,3242.980000000000,0.030000000000
1503526710,3242.980000000000,0.250000000000
1503526714,3242.980000000000,0.068875440000
1503526714,3243.050000000000,0.031124560000
1503526803,3240.330000000000,0.030000000000
1503526809,3240.330000000000,0.002522360000
1503526809,3240.440000000000,0.026484900000
1503526809,3240.450000000000,0.000992740000
1503526854,3240.460000000000,0.022874990000
1503526854,3240.500000000000,0.017490710000
1503526854,3240.510000000000,0.018287620000
1503526854,3240.510000000000,0.012358910000
1503526854,3240.520000000000,0.106001010000
1503526854,3240.610000000000,0.012564010000
1503526854,3240.680000000000,0.220422750000
1503526946,3242.800000000000,0.063712860000
1503526946,3243.090000000000,0.116287140000
1503526957,3243.090000000000,0.030000000000
1503526962,3243.090000000000,0.090000000000
1503527060,3242.770000000000,0.010000000000
1503527062,3242.770000000000,0.009454220000
1503527062,3242.770000000000,0.018266020000
1503527062,3243.090000000000,0.002279760000
1503527066,3243.090000000000,0.060000000000
1503527070,3243.090000000000,0.030000000000
1503527079,3243.090000000000,0.010000000000
1503527100,3243.090000000000,0.010000000000
1503527101,3243.090000000000,0.020000000000
1503527125,3243.090000000000,0.030000000000
1503527176,3242.720000000000,0.010000000000
1503527210,3242.720000000000,0.076587580000
1503527210,3243.090000000000,0.073412420000
1503527221,3243.090000000000,0.060000000000
1503527242,3243.090000000000,0.140000000000
1503527250,3243.090000000000,0.150000000000
1503527265,3243.090000000000,0.060000000000
1503527269,3243.090000000000,0.020000000000
1503527319,3243.090000000000,0.058589740000
1503527319,3243.380000000000,0.031480110000
1503527319,3243.520000000000,0.059930150000
1503527411,3238.330000000000,0.060000000000
1503527423,3238.330000000000,0.050000000000
1503527432,3238.330000000000,0.020000000000
1503527478,3238.330000000000,0.110000000000
1503527513,3237.180000000000,0.015870280000
1503527513,3237.820000000000,0.014129720000
1503527519,3237.820000000000,0.010000000000
1503527520,3232.130000000000,0.052449300000
1503527529,3237.810000000000,0.030000000000
1503527559,3237.810000000000,0.020000000000
1503527587,3236.400000000000,0.016835490000
1503527587,3236.710000000000,0.024983220000
1503527587,3237.810000000000,0.002449300000
1503527587,3237.810000000000,0.005731990000
1503527628,3237.810000000000,0.017038030000
1503527628,3237.810000000000,0.002961970000
1503527653,3237.810000000000,0.021396320000
1503527653,3237.810000000000,0.025817880000
1503527653,3239.520000000000,0.002785800000
1503527661,3239.520000000000,0.010380200000
1503527661,3239.530000000000,0.129619800000
1503527672,3239.530000000000,0.062609300000
1503527672,3240.380000000000,0.027390700000
1503527683,3240.380000000000,0.052052020000
1503527698,3240.380000000000,0.010000000000
1503527716,3240.380000000000,0.030000000000
1503527770,3245.230000000000,0.010000000000
1503527836,3245.230000000000,0.047687570000
1503527836,3249.680000000000,0.012312430000
1503527837,3249.680000000000,0.050000000000
1503527846,3249.680000000000,0.100000000000
1503527897,3249.080000000000,0.015815070000
1503527897,3257.620000000000,0.034184930000
1503527932,3254.490000000000,0.140000000000
1503527945,3254.490000000000,0.070000000000
1503527966,3254.680000000000,0.038237590000
1503527966,3255.170000000000,0.013647130000
1503527966,3255.390000000000,0.043130190000
1503527966,3257.640000000000,0.016681990000
1503527966,3257.750000000000,0.015805870000
1503527966,3257.810000000000,0.022497230000
1503527975,3257.810000000000,0.020000000000
1503528020,3257.560000000000,0.030000000000
1503528038,3257.560000000000,0.060000000000
1503528042,3257.560000000000,0.030000000000
1503528074,3257.560000000000,0.060000000000
1503528155,3256.850000000000,0.013131630000
1503528155,3258.170000000000,0.012789410000
1503528155,3259.590000000000,0.114078960000
1503528171,3259.590000000000,0.030000000000
1503528172,3259.590000000000,0.000561610000
1503528172,3259.590000000000,0.016474920000
1503528172,3259.590000000000,0.032963470000
1503528181,3259.590000000000,0.047594930000
1503528181,3259.590000000000,0.012405070000
1503528197,3259.590000000000,0.128274250000
1503528197,3259.940000000000,0.021725750000
1503528204,3258.430000000000,0.010000000000
1503528232,3258.430000000000,0.030000000000
1503528298,3258.100000000000,0.040000000000
1503528386,3256.800000000000,0.014566330000
1503528386,3256.800000000000,0.005433670000
1503528399,3256.800000000000,0.030000000000
1503528452,3256.460000000000,0.020000000000
1503528490,3256.460000000000,0.060000000000
1503528503,3256.460000000000,0.060000000000
1503528525,3257.220000000000,0.150000000000
1503528619,3256.460000000000,0.020000000000
1503528626,3256.460000000000,0.030000000000
1503528707,3257.230000000000,0.020000000000
1503528724,3257.230000000000,0.102028340000
1503528724,3259.520000000000,0.047971660000
1503528752,3259.530000000000,0.150000000000
1503528757,3259.530000000000,0.020000000000
1503528786,3259.530000000000,0.060000000000
1503528810,3261.980000000000,0.040000000000
1503528864,3261.900000000000,0.077293070000
1503528864,3261.910000000000,0.012706930000
1503528888,3261.910000000000,0.050000000000
1503528891,3258.410000000000,0.280000000000
1503528894,3261.900000000000,0.080000000000
1503528920,3264.940000000000,0.012954260000
1503528920,3265.090000000000,0.051070770000
1503528920,3265.090000000000,0.045974970000
1503528923,3265.090000000000,0.030000000000
1503528971,3261.940000000000,0.020000000000
1503529033,3262.180000000000,0.020000000000
1503529086,3261.500000000000,0.150000000000
1503529166,3259.990000000000,0.030740220000
1503529166,3259.990000000000,0.028859470000
1503529166,3259.990000000000,0.010400310000
1503529185,3259.990000000000,0.017089720000
1503529185,3259.990000000000,0.002910280000
1503529289,3260.010000000000,0.029489720000
1503529289,3260.010000000000,0.031412770000
1503529289,3261.950000000000,0.015678130000
1503529289,3262.730000000000,0.073419380000
1503529304,3260.410000000000,0.016361380000
1503529304,3260.560000000000,0.013638620000
1503529311,3260.560000000000,0.000113730000
1503529311,3261.160000000000,0.024003570000
1503529311,3261.950000000000,0.016122480000
1503529311,3261.950000000000,0.026190260000
1503529311,3262.120000000000,0.063569960000
1503529434,3259.980000000000,0.012519650000
1503529434,3259.990000000000,0.007480350000
1503529466,3259.990000000000,0.009047810000
1503529466,3261.530000000000,0.000952190000
1503529476,3261.530000000000,0.010000000000
1503529492,3261.530000000000,0.005347230000
1503529492,3261.530000000000,0.004652770000
1503529495,3258.180000000000,0.012103670000
1503529526,3258.180000000000,0.037896330000
1503529526,3258.100000000000,0.150000000000
1503529526,3256.100000000000,0.060000000000
1503529526,3256.100000000000,0.252103670000
1503529527,3259.170000000000,0.010000000000
1503529538,3259.950000000000,0.030000000000
1503529542,3259.950000000000,0.040000000000
1503529558,3251.810000000000,0.030000000000
1503529584,3259.160000000000,0.020000000000
1503529635,3259.980000000000,0.050000000000
1503529653,3260.300000000000,0.040000000000
1503529670,3259.870000000000,0.020000000000
1503529828,3260.300000000000,0.030000000000
1503529841,3260.310000000000,0.079193390000
1503529841,3260.320000000000,0.020683780000
1503529841,3260.320000000000,0.000122830000
1503529919,3262.320000000000,0.060000000000
1503530016,3264.800000000000,0.020000000000
1503530095,3263.890000000000,0.046981770000
1503530095,3263.890000000000,0.128116750000
1503530095,3263.890000000000,0.060000000000
1503530095,3264.540000000000,0.012680570000
1503530095,3264.540000000000,0.013203690000
1503530095,3264.680000000000,0.039160510000
1503530095,3265.460000000000,0.060365840000
1503530095,3265.960000000000,0.013693840000
1503530095,3266.250000000000,0.027881190000
1503530095,3267.930000000000,0.012733450000
1503530095,3270.000000000000,0.010140000000
1503530095,3272.860000000000,0.255042390000
1503530125,3276.860000000000,0.015756770000
1503530125,3278.880000000000,0.012232250000
1503530125,3279.380000000000,0.002010980000
1503530130,3280.000000000000,0.150000000000
1503530130,3282.170000000000,0.350000000000
1503530138,3284.020000000000,0.117924630000
1503530138,3284.760000000000,0.109140670000
1503530138,3285.220000000000,0.132198180000
1503530138,3285.340000000000,0.114921330000
1503530138,3292.370000000000,0.205815190000
1503530147,3265.340000000000,0.013726400000
1503530147,3265.340000000000,0.012415700000
1503530147,3265.340000000000,0.003857900000
1503530147,3265.330000000000,0.050000000000
1503530147,3265.330000000000,0.060000000000
1503530147,3264.990000000000,0.125475540000
1503530147,3264.990000000000,0.012827750000
1503530147,3264.990000000000,0.011696710000
1503530147,3264.680000000000,0.015756770000
1503530147,3264.310000000000,0.033877700000
1503530147,3264.950000000000,0.001240180000
1503530147,3265.090000000000,0.024882120000
1503530186,3265.090000000000,0.060000000000
1503530211,3264.690000000000,0.023004610000
1503530211,3265.090000000000,0.006995390000
1503530213,3265.090000000000,0.100000000000
1503530249,3258.570000000000,0.030000000000
1503530249,3258.570000000000,0.460000000000
1503530280,3265.020000000000,0.030000000000
1503530280,3265.030000000000,0.060000000000
1503530318,3257.470000000000,0.010000000000
1503530382,3264.820000000000,0.020000000000
1503530383,3264.810000000000,0.060000000000
1503530383,3264.830000000000,0.012999670000
1503530383,3267.930000000000,0.013530870000
1503530383,3274.190000000000,0.015754930000
1503530383,3281.180000000000,0.180895640000
1503530383,3283.150000000000,0.012819390000
1503530383,3283.920000000000,0.014895190000
1503530383,3284.900000000000,0.052291630000
1503530383,3285.490000000000,0.136812680000
1503530534,3269.690000000000,0.030000000000
1503530534,3269.690000000000,0.380000000000
1503530534,3269.700000000000,0.019538260000
1503530534,3269.700000000000,0.096943230000
1503530534,3270.110000000000,0.153518510000
1503530550,3270.110000000000,0.010000000000
1503530594,3270.110000000000,0.030000000000
1503530601,3270.110000000000,0.030000000000
1503530602,3270.110000000000,0.002082210000
1503530602,3270.110000000000,0.007917790000
1503530624,3270.930000000000,0.010000000000
1503530648,3270.950000000000,0.010000000000
1503530696,3270.810000000000,0.023207820000
1503530696,3270.950000000000,0.126792180000
1503530786,3270.950000000000,0.130000000000
1503530851,3274.330000000000,0.060000000000
1503530860,3278.680000000000,0.030000000000
1503530882,3268.130000000000,0.030000000000
1503530882,3268.130000000000,0.150000000000
1503530885,3272.510000000000,0.010000000000
1503530885,3272.520000000000,0.050000000000
1503530885,3272.520000000000,0.050000000000
1503530972,3272.510000000000,0.010000000000
1503531125,3272.390000000000,0.010000000000
1503531172,3272.430000000000,0.020000000000
1503531172,3272.440000000000,0.040000000000
1503531172,3272.460000000000,0.015834340000
1503531172,3272.470000000000,0.037875180000
1503531172,3272.530000000000,0.206290480000
1503531204,3272.290000000000,0.010000000000
1503531232,3271.250000000000,0.300000000000
1503531286,3271.250000000000,0.020000000000
1503531313,3269.260000000000,0.022226810000
1503531313,3269.270000000000,0.027773190000
1503531363,3267.090000000000,0.030000000000
1503531363,3266.490000000000,0.020000000000
1503531380,3268.400000000000,0.010000000000
1503531403,3268.400000000000,0.020000000000
1503531403,3268.410000000000,0.060112310000
1503531403,3268.630000000000,0.047226190000
1503531403,3268.830000000000,0.372661500000
1503531404,3268.830000000000,0.020000000000
1503531437,3268.580000000000,0.010000000000
1503531473,3268.580000000000,0.059158570000
1503531473,3268.780000000000,0.000841430000
1503531485,3268.790000000000,0.010000000000
1503531497,3268.790000000000,0.014826720000
1503531497,3268.840000000000,0.005173280000
1503531503,3260.680000000000,0.010000000000
1503531589,3269.190000000000,0.150000000000
1503531612,3269.820000000000,0.063941940000
1503531612,3269.900000000000,0.026058060000
1503531643,3269.900000000000,0.038638390000
1503531643,3270.440000000000,0.051361610000
1503531745,3269.180000000000,0.030000000000
1503531756,3269.180000000000,0.010000000000
1503531772,3269.180000000000,0.048767550000
1503531772,3269.240000000000,0.011232450000
1503531862,3269.240000000000,0.010000000000
1503531869,3269.240000000000,0.030000000000
1503531925,3269.250000000000,0.010000000000
1503532045,3269.420000000000,0.031897220000
1503532045,3269.820000000000,0.242736390000
1503532045,3272.890000000000,0.038982890000
1503532045,3272.960000000000,0.686383500000
1503532122,3268.820000000000,0.020000000000
1503532155,3268.820000000000,0.104141240000
1503532155,3268.870000000000,0.245858760000
1503532160,3268.870000000000,0.060000000000
1503532269,3268.900000000000,0.090000000000
1503532285,3268.900000000000,0.010000000000
1503532289,3268.900000000000,0.030000000000
1503532357,3267.620000000000,0.069449700000
1503532357,3267.620000000000,0.025793730000
1503532357,3267.620000000000,0.054756570000
1503532363,3267.620000000000,0.163258930000
1503532363,3267.620000000000,0.067558060000
1503532363,3267.620000000000,0.018054810000
1503532363,3267.620000000000,0.027286880000
1503532363,3267.620000000000,0.021793680000
1503532363,3267.960000000000,0.150000000000
1503532363,3268.520000000000,0.152047640000
1503532369,3268.520000000000,0.020000000000
1503532375,3268.520000000000,0.010000000000
1503532379,3259.450000000000,0.013503840000
1503532385,3261.450000000000,0.010000000000
1503532386,3259.450000000000,0.002345720000
1503532411,3258.830000000000,0.050000000000
1503532411,3251.260000000000,0.060000000000
1503532411,3251.250000000000,0.015855850000
1503532411,3251.250000000000,0.174144150000
1503532512,3257.180000000000,0.020000000000
1503532548,3256.210000000000,0.020000000000
1503532624,3256.210000000000,0.010000000000
1503532681,3256.570000000000,0.020000000000
1503532712,3256.570000000000,0.010000000000
1503532719,3256.570000000000,0.020000000000
1503532723,3248.440000000000,0.120000000000
1503532755,3256.570000000000,0.194144150000
1503532755,3256.570000000000,0.060000000000
1503532755,3256.580000000000,0.354301640000
1503532755,3256.580000000000,0.048232110000
1503532755,3256.580000000000,0.028620240000
1503532755,3256.580000000000,0.389427010000
1503532755,3258.380000000000,0.145274850000
1503532796,3261.480000000000,0.010000000000
1503532872,3262.120000000000,0.010000000000
1503532914,3254.020000000000,0.090000000000
1503533096,3263.460000000000,0.020000000000
1503533104,3263.470000000000,0.030000000000
1503533133,3264.020000000000,0.060000000000
1503533249,3270.970000000000,0.030000000000
1503533269,3271.380000000000,0.030000000000
1503533291,3271.370000000000,0.040000000000
1503533291,3271.380000000000,0.020000000000
1503533354,3270.200000000000,0.060000000000
1503533454,3271.260000000000,0.030000000000
1503533488,3271.730000000000,0.129431590000
1503533488,3272.670000000000,0.048083610000
1503533488,3274.170000000000,0.232364030000
1503533488,3280.090000000000,0.052473230000
1503533488,3281.510000000000,0.447647540000
1503533585,3271.680000000000,0.050000000000
1503533617,3271.740000000000,0.020000000000
1503533624,3271.740000000000,0.040000000000
1503533658,3271.730000000000,0.010000000000
1503533714,3271.810000000000,0.010000000000
1503533778,3273.590000000000,0.040000000000
1503533809,3273.590000000000,0.070000000000
1503533848,3278.760000000000,0.053211930000
1503533848,3278.840000000000,0.006788070000
1503533866,3274.590000000000,0.010000000000
1503533903,3273.800000000000,0.030000000000
1503533966,3274.590000000000,0.010000000000
1503533970,3274.590000000000,0.010000000000
1503534011,3277.360000000000,0.020000000000
1503534128,3273.790000000000,0.150000000000
1503534148,3273.790000000000,0.110000000000
1503534154,3273.790000000000,0.010726600000
1503534154,3273.790000000000,0.079273400000
1503534221,3273.320000000000,0.012267730000
1503534221,3273.720000000000,0.027732270000
1503534247,3273.720000000000,0.050000000000
1503534270,3273.720000000000,0.040000000000
1503534385,3273.710000000000,0.019815950000
1503534385,3273.720000000000,0.070184050000
1503534492,3273.680000000000,0.150000000000
1503534586,3270.200000000000,0.037237380000
1503534586,3270.200000000000,0.050000000000
1503534586,3270.200000000000,0.150000000000
1503534642,3269.940000000000,0.020000000000
1503534674,3267.350000000000,0.060000000000
1503534692,3267.280000000000,0.020000000000
1503534712,3267.280000000000,0.030000000000
1503534712,3267.320000000000,0.050000000000
1503534889,3267.950000000000,0.020000000000
1503534918,3268.500000000000,0.030000000000
1503534956,3266.830000000000,0.100000000000
1503535084,3266.330000000000,0.150000000000
1503535097,3266.900000000000,0.010000000000
1503535141,3266.580000000000,0.013796110000
1503535141,3266.980000000000,0.015687210000
1503535141,3266.990000000000,0.110516680000
1503535292,3267.950000000000,0.050000000000
1503535298,3267.950000000000,0.030000000000
1503535331,3265.540000000000,0.010000000000
1503535381,3265.920000000000,0.150000000000
1503535447,3262.870000000000,0.010000000000
1503535597,3258.890000000000,0.012685800000
1503535597,3260.920000000000,0.012884380000
1503535597,3260.930000000000,0.034429820000
1503535661,3263.200000000000,0.010000000000
1503535772,3259.440000000000,0.040153580000
1503535772,3261.240000000000,0.020385650000
1503535772,3263.190000000000,0.039460770000
1503535843,3259.000000000000,0.010000000000
1503535888,3260.840000000000,0.068418640000
1503535932,3258.780000000000,0.110000000000
1503536015,3261.110000000000,0.020000000000
1503536056,3260.810000000000,0.080000000000
1503536101,3260.810000000000,0.010000000000
1503536111,3260.810000000000,0.020000000000
1503536361,3262.300000000000,0.040625190000
1503536361,3262.320000000000,0.039374810000
1503536508,3261.780000000000,0.040000000000
1503536513,3270.800000000000,0.015853540000
1503536513,3270.800000000000,0.004146460000
1503536583,3254.520000000000,0.040000000000
1503536623,3259.510000000000,0.030000000000
1503536656,3258.450000000000,0.010000000000
1503536656,3258.450000000000,0.090000000000
1503536691,3258.460000000000,0.380000000000
1503536698,3258.460000000000,0.020000000000
1503536723,3258.460000000000,0.040000000000
1503536765,3258.400000000000,0.040000000000
1503536765,3258.400000000000,0.040000000000
1503536792,3258.400000000000,0.020000000000
1503536805,3258.400000000000,0.150000000000
1503536868,3266.740000000000,0.047674400000
1503536868,3268.670000000000,0.052325600000
1503536899,3258.380000000000,0.020000000000
1503537074,3256.830000000000,0.030000000000
1503537087,3256.830000000000,0.070000000000
1503537090,3256.830000000000,0.150000000000
1503537111,3260.500000000000,0.015842720000
1503537381,3272.310000000000,0.019131320000
1503537381,3272.320000000000,0.000868680000
1503537438,3275.250000000000,0.040000000000
1503537441,3275.250000000000,0.020000000000
1503537492,3277.650000000000,0.010000000000
1503537655,3282.510000000000,0.020000000000
1503537897,3282.840000000000,0.012239480000
1503537897,3282.840000000000,0.007760520000
1503537902,3275.490000000000,0.010000000000
1503538153,3283.670000000000,0.010000000000
1503538153,3283.680000000000,0.020000000000
1503538427,3287.830000000000,0.020000000000
1503538686,3290.860000000000,0.132261080000
1503538686,3291.650000000000,0.017738920000
1503538824,3290.860000000000,0.030000000000
1503538945,3291.590000000000,0.010000000000
1503539110,3291.250000000000,0.010000000000
1503539131,3293.370000000000,0.030000000000
1503539244,3297.880000000000,0.030000000000
1503539247,3298.490000000000,0.184974120000
1503539247,3298.500000000000,0.022485580000
1503539247,3299.890000000000,0.013466130000
1503539247,3300.830000000000,0.012816630000
1503539247,3301.140000000000,0.414270580000
1503539247,3301.970000000000,0.065125130000
1503539247,3302.270000000000,0.012783600000
1503539247,3302.450000000000,0.013139140000
1503539247,3302.580000000000,0.016481000000
1503539247,3302.800000000000,0.017665200000
1503539247,3302.840000000000,0.012447990000
1503539247,3303.110000000000,0.012470990000
1503539247,3304.120000000000,0.063702640000
1503539247,3306.000000000000,0.447485460000
1503539247,3307.040000000000,0.015745530000
1503539247,3307.350000000000,0.040818420000
1503539247,3307.560000000000,0.026610280000
1503539247,3307.770000000000,0.040871030000
1503539247,3307.770000000000,0.064520620000
1503539247,3307.770000000000,0.125945400000
1503539247,3307.770000000000,0.039052740000
1503539247,3313.120000000000,0.085661340000
1503539247,3313.280000000000,0.151460450000
1503539268,3305.010000000000,0.030000000000
1503539268,3305.000000000000,0.015743840000
1503539289,3301.260000000000,0.011984230000
1503539289,3301.560000000000,0.018015770000
1503539309,3301.560000000000,0.020000000000
1503539321,3301.560000000000,0.140000000000
1503539332,3301.560000000000,0.020000000000
1503539481,3307.770000000000,0.020000000000
1503539561,3316.770000000000,0.030000000000
1503539561,3316.780000000000,0.650006010000
1503539561,3317.070000000000,0.037006930000
1503539561,3317.630000000000,0.002987060000
1503539583,3317.610000000000,0.020000000000
1503539685,3320.000000000000,0.010052950000
1503539685,3320.000000000000,0.079947050000
1503539709,3320.000000000000,0.010000000000
1503539750,3311.710000000000,0.030000000000
1503539750,3311.700000000000,0.015688160000
1503539750,3311.660000000000,0.050000000000
1503539750,3311.200000000000,0.150000000000
1503539750,3309.330000000000,0.030000000000
1503539831,3292.900000000000,0.013237570000
1503539835,3292.900000000000,0.002465620000
1503539940,3284.590000000000,0.020000000000
1503539951,3284.870000000000,0.026251700000
1503539951,3294.160000000000,0.083748300000
1503539983,3285.880000000000,0.015747940000
1503540002,3285.490000000000,0.050000000000
1503540027,3285.490000000000,0.001001820000
1503540027,3285.560000000000,0.050357150000
1503540027,3286.150000000000,0.030000000000
1503540027,3286.160000000000,0.028641030000
1503540082,3285.000000000000,0.010160050000
1503540082,3284.350000000000,0.039839950000
1503540110,3300.780000000000,0.015761340000
1503540110,3301.420000000000,0.015755460000
1503540110,3302.690000000000,0.018483200000
1503540123,3301.000000000000,0.010000000000
1503540123,3302.680000000000,0.010000000000
1503540180,3302.690000000000,0.010000000000
1503540276,3304.730000000000,0.030000000000
1503540302,3303.310000000000,0.030000000000
1503540324,3303.310000000000,0.030000000000
1503540335,3305.470000000000,0.030000000000
1503540342,3302.890000000000,0.050000000000
1503540354,3302.880000000000,0.010000000000
1503540398,3302.880000000000,0.010000000000
1503540412,3297.000000000000,0.010012140000
1503540412,3297.000000000000,0.008756590000
1503540413,3297.000000000000,0.019366750000
1503540413,3297.000000000000,0.002205010000
1503540417,3294.610000000000,0.015747770000
1503540417,3293.800000000000,0.030000000000
1503540417,3293.790000000000,0.050000000000
1503540417,3293.040000000000,0.089756750000
1503540418,3293.040000000000,0.016834780000
1503540459,3293.290000000000,0.019925890000
1503540459,3293.300000000000,0.000074110000
1503540475,3293.300000000000,0.010000000000
1503540544,3293.790000000000,0.010000000000
1503540695,3299.000000000000,0.010000000000
1503540695,3300.330000000000,0.020000000000
1503540772,3300.330000000000,0.030000000000
1503540889,3302.290000000000,0.022446380000
1503540889,3302.460000000000,0.013042940000
1503540889,3302.460000000000,0.004510680000
1503540901,3302.440000000000,0.020000000000
1503541061,3293.340000000000,0.018328380000
1503541061,3294.480000000000,0.001671620000
1503541118,3294.480000000000,0.059917440000
1503541118,3294.590000000000,0.000082560000
1503541181,3286.340000000000,0.015755010000
1503541249,3284.350000000000,0.020160050000
1503541249,3283.010000000000,0.042010200000
1503541250,3283.010000000000,0.007989800000
1503541250,3282.370000000000,0.133067170000
1503541250,3282.370000000000,0.016932830000
1503541251,3279.540000000000,0.015762360000
1503541306,3272.180000000000,0.050000000000
1503541306,3272.850000000000,0.100000000000
1503541380,3280.210000000000,0.010000000000
1503541566,3279.280000000000,0.050000000000
1503541612,3281.530000000000,0.030000000000
1503541796,3281.560000000000,0.020000000000
1503541939,3291.370000000000,0.020000000000
1503541968,3291.370000000000,0.060000000000
1503542656,3290.600000000000,0.050000000000
1503543186,3287.330000000000,0.060000000000
1503543198,3289.760000000000,0.020000000000
1503543311,3281.550000000000,0.020000000000
1503543536,3277.330000000000,0.037409050000
1503543537,3275.930000000000,0.050000000000
1503543537,3275.020000000000,0.150000000000
1503543537,3275.020000000000,0.060000000000
1503543537,3275.000000000000,0.010073280000
1503544125,3260.180000000000,0.015823380000
1503544584,3252.100000000000,0.010000000000
1503545179,3248.120000000000,0.070000000000
1503545228,3248.120000000000,0.080000000000
1503545228,3247.900000000000,0.013683520000
1503545274,3247.900000000000,0.002235590000
1503545485,3239.280000000000,0.015936420000
1503545485,3239.280000000000,0.030328350000
1503545485,3239.840000000000,0.150000000000
1503545485,3239.840000000000,0.060000000000
1503545485,3243.330000000000,0.721282390000
1503545485,3246.880000000000,0.247880340000
1503545485,3247.260000000000,0.275622450000
1503545485,3247.820000000000,0.133481200000
1503545485,3247.850000000000,0.034472790000
1503545485,3248.520000000000,0.035827100000
1503545485,3248.530000000000,0.295168960000
1503545492,3248.530000000000,0.090000000000
1503545679,3243.720000000000,0.010000000000
1503545693,3243.720000000000,0.020000000000
1503545888,3250.810000000000,0.090000000000
1503546323,3259.860000000000,0.040000000000
1503546669,3265.010000000000,0.010000000000
1503546833,3266.540000000000,0.012473630000
1503546833,3267.530000000000,0.037526370000
1503547028,3265.670000000000,0.020000000000
1503547349,3256.270000000000,0.010000000000
1503547398,3256.270000000000,0.030000000000
1503547456,3255.620000000000,0.060000000000
1503547938,3259.130000000000,0.030000000000
1503547980,3259.130000000000,0.070000000000
1503548147,3250.790000000000,0.015944100000
1503548147,3250.460000000000,0.050000000000
1503548147,3250.270000000000,0.150000000000
1503548149,3249.820000000000,0.015848320000
1503548191,3247.050000000000,0.050000000000
1503548191,3247.350000000000,0.546593290000
1503548191,3247.350000000000,0.245441130000
1503548191,3247.410000000000,0.117965580000
1503548243,3248.800000000000,0.070000000000
1503548329,3254.310000000000,0.050000000000
1503548439,3254.300000000000,0.011582450000
1503548439,3254.310000000000,0.008417550000
1503548569,3257.970000000000,0.010000000000
1503548830,3258.710000000000,0.010000000000
1503548878,3258.370000000000,0.030000000000
1503548991,3258.860000000000,0.030000000000
1503549026,3258.370000000000,0.051259110000
1503549026,3259.130000000000,0.258740890000
1503549125,3257.950000000000,0.013666760000
1503549125,3257.950000000000,0.016333240000
1503549211,3261.280000000000,0.080000000000
1503549728,3257.920000000000,0.050000000000
1503550675,3261.540000000000,0.013708540000
1503550675,3261.550000000000,0.066291460000
1503550708,3261.820000000000,0.013656600000
1503550708,3262.000000000000,0.006343400000
1503550733,3262.000000000000,0.010000000000
1503550965,3263.000000000000,0.150000000000
1503550974,3263.000000000000,0.021173290000
1503550974,3264.780000000000,0.078826710000
1503551269,3262.100000000000,0.020000000000
1503551645,3265.950000000000,0.100000000000
1503551719,3264.380000000000,0.020000000000
1503551762,3265.080000000000,0.020000000000
1503551863,3264.380000000000,0.030000000000
1503551875,3264.380000000000,0.010000000000
1503551885,3264.370000000000,0.030000000000
1503551960,3264.880000000000,0.237975110000
1503551960,3265.080000000000,0.032024890000
1503551993,3265.680000000000,0.030000000000
1503552011,3265.680000000000,0.020000000000
1503552147,3268.730000000000,0.020000000000
1503552342,3275.380000000000,0.037760710000
1503552342,3275.980000000000,0.012239290000
1503552428,3275.980000000000,0.048067180000
1503552428,3275.980000000000,0.014563510000
1503552428,3276.050000000000,0.017772380000
1503552428,3276.790000000000,0.018091070000
1503552428,3276.790000000000,0.020019960000
1503552428,3276.800000000000,0.011485900000
1503552435,3275.540000000000,0.030000000000
1503552501,3274.190000000000,0.020000000000
1503552711,3273.170000000000,0.013866380000
1503552711,3274.790000000000,0.006133620000
1503552728,3273.160000000000,0.010000000000
1503552752,3273.160000000000,0.030000000000
1503553062,3273.170000000000,0.033681340000
1503553062,3281.080000000000,0.006318660000
1503553210,3273.170000000000,0.030000000000
1503553243,3273.170000000000,0.020000000000
1503553598,3274.200000000000,0.030000000000
1503553698,3274.190000000000,0.060000000000
1503553782,3274.130000000000,0.017690400000
1503553782,3274.440000000000,0.045199660000
1503553782,3274.750000000000,0.047365990000
1503553782,3277.190000000000,0.009743950000
1503553809,3274.030000000000,0.050000000000
1503553819,3274.030000000000,0.010636070000
1503553819,3274.040000000000,0.109363930000
1503553869,3274.130000000000,0.010000000000
1503553900,3274.440000000000,0.040000000000
1503553959,3274.370000000000,0.010000000000
1503554018,3274.170000000000,0.016697710000
1503554018,3274.440000000000,0.002941360000
1503554018,3274.440000000000,0.060360930000
1503554052,3273.650000000000,0.020000000000
1503554112,3273.960000000000,0.010000000000
1503554206,3274.100000000000,0.019178420000
1503554206,3274.440000000000,0.015428610000
1503554206,3274.450000000000,0.025392970000
1503554262,3277.110000000000,0.030000000000
1503554361,3275.020000000000,0.030000000000
1503554475,3277.020000000000,0.040000000000
1503554486,3278.010000000000,0.024994730000
1503554486,3278.030000000000,0.025005270000
1503554492,3278.030000000000,0.010000000000
1503554498,3278.030000000000,0.022519000000
1503554498,3279.120000000000,0.027481000000
1503554719,3276.870000000000,0.020898570000
1503554719,3277.110000000000,0.069101430000
1503554997,3279.280000000000,0.020000000000
1503555005,3279.280000000000,0.010000000000
1503555009,3279.280000000000,0.030000000000
1503555102,3279.210000000000,0.040000000000
1503555143,3279.190000000000,0.060000000000
1503555163,3279.190000000000,0.005561750000
1503555163,3279.280000000000,0.020948150000
1503555163,3279.280000000000,0.078129730000
1503555163,3281.580000000000,0.035360370000
1503555269,3279.690000000000,0.010000000000
1503555307,3279.990000000000,0.017487000000
1503555307,3280.780000000000,0.012513000000
1503555312,3280.780000000000,0.050000000000
1503555581,3282.950000000000,0.024235990000
1503555581,3282.960000000000,0.025979510000
1503555581,3283.980000000000,0.009784500000
1503555641,3282.910000000000,0.010000000000
1503555792,3283.080000000000,0.042255890000
1503555792,3283.140000000000,0.017744110000
1503555834,3286.020000000000,0.027705770000
1503555834,3287.310000000000,0.002294230000
1503555964,3287.700000000000,0.010000000000
1503555982,3287.700000000000,0.011255420000
1503555982,3287.760000000000,0.058744580000
1503555984,3287.760000000000,0.005552400000
1503555984,3287.800000000000,0.024447600000
1503555986,3287.800000000000,0.044603150000
1503555986,3288.120000000000,0.035396850000
1503556028,3288.120000000000,0.070000000000
1503556118,3287.690000000000,0.020000000000
1503556169,3287.690000000000,0.050000000000
1503556221,3287.700000000000,0.020426210000
1503556221,3287.730000000000,0.009573790000
1503556359,3287.270000000000,0.120000000000
1503556404,3281.530000000000,0.030000000000
1503556404,3281.530000000000,0.060000000000
1503556527,3287.100000000000,0.030000000000
1503556570,3287.040000000000,0.010000000000
1503556599,3287.040000000000,0.020000000000
1503556614,3287.040000000000,0.010000000000
1503556614,3287.050000000000,0.020000000000
1503556628,3281.490000000000,0.020607870000
1503556629,3281.490000000000,0.009282860000
1503556629,3281.430000000000,0.050000000000
1503556629,3278.830000000000,0.015798100000
1503556629,3278.730000000000,0.017267630000
1503556629,3281.360000000000,0.019531200000
1503556629,3281.360000000000,0.020411910000
1503556706,3281.370000000000,0.020000000000
1503556706,3281.380000000000,0.030000000000
1503556712,3281.380000000000,0.030000000000
1503556732,3276.340000000000,0.019809990000
1503556732,3276.340000000000,0.019784370000
1503556732,3276.580000000000,0.100405640000
1503556740,3276.740000000000,0.020736980000
1503556740,3277.500000000000,0.039263020000
1503556776,3278.230000000000,0.040000000000
1503556858,3279.260000000000,0.100000000000
1503556901,3280.080000000000,0.065861260000
1503556901,3283.020000000000,0.024138740000
1503556950,3277.270000000000,0.020000000000
1503557023,3277.410000000000,0.060000000000
1503557092,3279.860000000000,0.019300850000
1503557092,3279.980000000000,0.010699150000
1503557206,3273.060000000000,0.310000000000
1503557278,3279.230000000000,0.060000000000
1503557373,3278.380000000000,0.060000000000
1503557405,3278.380000000000,0.010000000000
1503557405,3278.380000000000,0.090000000000
1503557408,3273.120000000000,0.060000000000
1503557450,3278.380000000000,0.060000000000
1503557533,3277.870000000000,0.019574520000
1503557533,3277.870000000000,0.010425480000
1503557715,3281.120000000000,0.030000000000
1503557727,3274.360000000000,0.020000000000
1503557734,3282.400000000000,0.020000000000
1503557823,3279.690000000000,0.020000000000
1503557917,3278.420000000000,0.040000000000
1503557928,3278.420000000000,0.030000000000
1503557937,3278.420000000000,0.150000000000
1503558026,3279.710000000000,0.060000000000
1503558066,3279.400000000000,0.150000000000
1503558080,3279.400000000000,0.022628280000
1503558080,3279.440000000000,0.024132580000
1503558080,3280.710000000000,0.003239140000
1503558151,3279.610000000000,0.120000000000
1503558171,3279.610000000000,0.030000000000
1503558245,3281.040000000000,0.024592510000
1503558245,3281.040000000000,0.005407490000
1503558264,3281.040000000000,0.024503800000
1503558264,3281.210000000000,0.015496200000
1503558288,3275.630000000000,0.070000000000
1503558305,3281.200000000000,0.060000000000
1503558383,3280.360000000000,0.030000000000
1503558388,3280.360000000000,0.020000000000
1503558422,3280.360000000000,0.014000000000
1503558422,3280.370000000000,0.006000000000
1503558511,3282.850000000000,0.010000000000
1503558530,3275.630000000000,0.200000000000
1503558533,3282.840000000000,0.020000000000
1503558605,3282.220000000000,0.030000000000
1503558606,3282.220000000000,0.030000000000
1503558640,3282.220000000000,0.130000000000
1503558640,3282.230000000000,0.047448190000
1503558640,3282.240000000000,0.024461840000
1503558640,3283.050000000000,0.023964540000
1503558640,3283.050000000000,0.029246180000
1503558640,3283.050000000000,0.044879250000
1503558652,3276.180000000000,0.030000000000
1503558652,3276.170000000000,0.020000000000
1503558658,3283.040000000000,0.010000000000
1503558659,3283.050000000000,0.060000000000
1503558732,3281.850000000000,0.025547560000
1503558732,3281.860000000000,0.020000000000
1503558732,3281.870000000000,0.087568570000
1503558732,3281.880000000000,0.016883870000
1503558764,3281.880000000000,0.000974930000
1503558764,3281.920000000000,0.019025070000
1503558791,3281.920000000000,0.006896970000
1503558791,3282.510000000000,0.013103030000
1503558872,3283.130000000000,0.010000000000
1503558903,3283.130000000000,0.013082700000
1503558903,3283.500000000000,0.016917300000
1503558911,3283.500000000000,0.006756910000
1503558911,3283.510000000000,0.053243090000
1503558926,3283.510000000000,0.027429830000
1503558926,3283.800000000000,0.002570170000
1503558934,3283.800000000000,0.014607850000
1503558934,3284.070000000000,0.022396820000
1503558934,3285.370000000000,0.152995330000
1503558942,3285.580000000000,0.010000000000
1503559069,3284.000000000000,0.026369290000
1503559069,3284.270000000000,0.027599020000
1503559069,3284.400000000000,0.027694190000
1503559069,3284.540000000000,0.108337500000
1503559102,3283.930000000000,0.030000000000
1503559149,3283.930000000000,0.030000000000
1503559215,3283.930000000000,0.030000000000
1503559246,3283.930000000000,0.020000000000
1503559291,3283.930000000000,0.020000000000
1503559331,3287.110000000000,0.030000000000
1503559367,3287.110000000000,0.013257780000
1503559367,3287.410000000000,0.026742220000
1503559392,3287.410000000000,0.030000000000
1503559528,3287.350000000000,0.012573620000
1503559528,3287.430000000000,0.077426380000
1503559615,3287.420000000000,0.010000000000
1503559654,3287.420000000000,0.003539680000
1503559654,3287.580000000000,0.166460320000
1503559666,3285.760000000000,0.012407210000
1503559726,3285.910000000000,0.150000000000
1503559778,3286.030000000000,0.012209300000
1503559778,3293.850000000000,0.034695470000
1503559778,3298.570000000000,0.016202700000
1503559778,3302.150000000000,0.015765650000
1503559778,3302.150000000000,0.015765690000
1503559778,3305.620000000000,0.015361190000
1503559864,3287.500000000000,0.039506020000
1503559864,3287.800000000000,0.070493980000
1503559953,3286.490000000000,0.040000000000
1503559956,3286.490000000000,0.009485340000
1503559956,3286.750000000000,0.080514660000
1503559968,3286.750000000000,0.010000000000
1503560046,3286.250000000000,0.010000000000
1503560132,3286.700000000000,0.090000000000
1503560139,3301.790000000000,0.015760040000
1503560139,3304.540000000000,0.014239960000
1503560146,3296.280000000000,0.015763540000
1503560173,3286.490000000000,0.030000000000
1503560175,3286.490000000000,0.007182130000
1503560175,3286.510000000000,0.002817870000
1503560182,3286.510000000000,0.017658770000
1503560182,3286.750000000000,0.012341230000
1503560190,3286.750000000000,0.060000000000
1503560203,3286.750000000000,0.030000000000
1503560233,3286.820000000000,0.020000000000
1503560293,3287.200000000000,0.020000000000
1503560350,3288.390000000000,0.038444170000
1503560350,3292.860000000000,0.011555830000
1503560424,3289.250000000000,0.012828540000
1503560424,3289.730000000000,0.007171460000
1503560443,3289.730000000000,0.010000000000
1503560527,3288.810000000000,0.031289440000
1503560527,3289.020000000000,0.091236340000
1503560527,3289.490000000000,0.277474220000
1503560542,3289.490000000000,0.150000000000
1503560546,3289.490000000000,0.050000000000
1503560558,3289.490000000000,0.010000000000
1503560599,3289.680000000000,0.020000000000
1503560612,3289.680000000000,0.020000000000
1503560679,3295.660000000000,0.040000000000
1503560765,3296.590000000000,0.027464310000
1503560765,3296.600000000000,0.112535690000
1503560865,3296.920000000000,0.050000000000
1503560934,3296.220000000000,0.047057470000
1503560934,3296.030000000000,0.050000000000
1503560940,3295.380000000000,0.090000000000
1503560958,3295.400000000000,0.013300440000
1503560958,3295.580000000000,0.026699560000
1503560986,3295.370000000000,0.063455380000
1503560986,3295.380000000000,0.190455330000
1503560986,3295.390000000000,0.181933350000
1503560986,3295.400000000000,0.013521130000
1503560986,3295.580000000000,0.060733690000
1503560986,3295.590000000000,0.068416670000
1503560986,3296.520000000000,0.011484450000
1503561016,3296.520000000000,0.020000000000
1503561112,3295.150000000000,0.030000000000
1503561125,3295.150000000000,0.040000000000
1503561184,3295.150000000000,0.023086560000
1503561184,3295.260000000000,0.026913440000
1503561203,3295.260000000000,0.030000000000
1503561266,3295.250000000000,0.020000000000
1503561415,3294.950000000000,0.150000000000
1503561419,3292.720000000000,0.019351220000
1503561419,3294.220000000000,0.018660690000
1503561419,3294.220000000000,0.011988090000
1503561475,3290.410000000000,0.018837220000
1503561475,3290.410000000000,0.011162780000
1503561502,3290.410000000000,0.008066280000
1503561502,3291.890000000000,0.011933720000
1503561544,3289.360000000000,0.069492020000
1503561545,3289.360000000000,0.065460240000
1503561546,3289.360000000000,0.025875480000
1503561567,3290.920000000000,0.062830840000
1503561567,3291.760000000000,0.031327160000
1503561567,3291.900000000000,0.055842000000
1503561577,3292.170000000000,0.031803460000
1503561577,3292.550000000000,0.032037470000
1503561577,3295.910000000000,0.016159070000
1503561579,3295.910000000000,0.010000000000
1503561588,3289.400000000000,0.166432050000
1503561589,3289.400000000000,0.037303260000
1503561589,3289.400000000000,0.038328100000
1503561592,3289.400000000000,0.501390910000
1503561592,3289.400000000000,0.068011340000
1503561601,3290.110000000000,0.030000000000
1503561626,3290.110000000000,0.010000000000
1503561627,3290.110000000000,0.010000000000
1503561630,3290.110000000000,0.090000000000
1503561671,3290.410000000000,0.018137600000
1503561671,3290.410000000000,0.020786500000
1503561671,3295.720000000000,0.061075900000
1503561730,3296.030000000000,0.030000000000
1503561749,3296.030000000000,0.140000000000
1503561778,3296.030000000000,0.010000000000
1503561799,3296.030000000000,0.030000000000
1503561834,3295.890000000000,0.010000000000
1503561857,3295.890000000000,0.080000000000
1503561912,3295.880000000000,0.012497300000
1503561912,3296.030000000000,0.007502700000
1503561927,3296.030000000000,0.010000000000
1503561960,3294.620000000000,0.010000000000
1503561966,3294.620000000000,0.020000000000
1503561991,3294.620000000000,0.010000000000
1503562013,3294.620000000000,0.010000000000
1503562035,3295.840000000000,0.020000000000
1503562045,3295.840000000000,0.015862420000
1503562045,3299.640000000000,0.041709810000
1503562045,3299.720000000000,0.082427770000
1503562127,3294.600000000000,0.020000000000
1503562136,3294.600000000000,0.023175530000
1503562136,3294.610000000000,0.116824470000
1503562151,3297.010000000000,0.040000000000
1503562173,3297.010000000000,0.060000000000
1503562185,3299.380000000000,0.060000000000
1503562189,3295.180000000000,0.090000000000
1503562252,3295.180000000000,0.030000000000
1503562293,3295.420000000000,0.010000000000
1503562322,3295.840000000000,0.030000000000
1503562345,3295.840000000000,0.025247060000
1503562345,3295.840000000000,0.064752940000
1503562360,3295.840000000000,0.030000000000
1503562372,3295.840000000000,0.030000000000
1503562389,3295.840000000000,0.020000000000
1503562491,3297.910000000000,0.010000000000
1503562497,3297.910000000000,0.010000000000
1503562520,3297.910000000000,0.015937350000
1503562520,3297.920000000000,0.034062650000
1503562567,3299.830000000000,0.010000000000
1503562617,3299.460000000000,0.020000000000
1503562623,3299.460000000000,0.000141180000
1503562623,3299.520000000000,0.019858820000
1503562625,3294.550000000000,0.010000000000
1503562666,3299.820000000000,0.010000000000
1503562666,3299.830000000000,0.010000000000
1503562687,3299.830000000000,0.028312920000
1503562687,3300.110000000000,0.001687080000
1503562772,3300.070000000000,0.012479250000
1503562772,3300.110000000000,0.010964070000
1503562772,3300.460000000000,0.006556680000
1503562791,3302.430000000000,0.010000000000
1503562804,3297.540000000000,0.030000000000
1503562804,3297.530000000000,0.010000000000
1503562817,3302.840000000000,0.010000000000
1503562817,3302.850000000000,0.011018050000
1503562817,3303.010000000000,0.008981950000
1503562832,3303.010000000000,0.010000000000
1503562867,3303.010000000000,0.040000000000
1503562959,3303.200000000000,0.047057470000
1503562959,3303.390000000000,0.092942530000
1503563044,3308.790000000000,0.060367400000
1503563044,3308.790000000000,0.029632600000
1503563074,3308.790000000000,0.010000000000
1503563143,3310.260000000000,0.030000000000
1503563145,3310.260000000000,0.036960100000
1503563145,3315.140000000000,0.023039900000
1503563225,3308.760000000000,0.090000000000
1503563229,3308.760000000000,0.010000000000
1503563231,3308.760000000000,0.020000000000
1503563370,3309.320000000000,0.026298870000
1503563370,3310.580000000000,0.053701130000
1503563389,3308.180000000000,0.010000000000
1503563416,3308.180000000000,0.002810550000
1503563416,3308.680000000000,0.275543200000
1503563416,3308.680000000000,0.026213770000
1503563416,3309.310000000000,0.087887910000
1503563416,3309.570000000000,0.129752780000
1503563416,3309.920000000000,0.197791790000
1503563418,3309.920000000000,0.092667040000
1503563418,3310.020000000000,0.027332960000
1503563450,3306.380000000000,0.210000000000
1503563499,3310.340000000000,0.017146960000
1503563499,3311.040000000000,0.012853040000
1503563523,3314.680000000000,0.020000000000
1503563569,3314.680000000000,0.020000000000
1503563600,3310.550000000000,0.090000000000
1503563616,3308.260000000000,0.065267790000
1503563616,3310.550000000000,0.024732210000
1503563695,3310.550000000000,0.010000000000
1503563696,3310.550000000000,0.050000000000
1503563758,3315.140000000000,0.010000000000
1503563799,3311.830000000000,0.020000000000
1503563839,3311.830000000000,0.005351910000
1503563839,3312.260000000000,0.004648090000
1503563912,3315.140000000000,0.030000000000
1503563970,3315.140000000000,0.010000000000
1503563976,3315.140000000000,0.030000000000
1503564004,3315.140000000000,0.010000000000
1503564022,3315.140000000000,0.007805100000
1503564022,3315.750000000000,0.022194900000
1503564080,3316.630000000000,0.020000000000
1503564103,3319.650000000000,0.030000000000
1503564112,3314.740000000000,0.030000000000
1503564112,3310.190000000000,0.030000000000
1503564112,3310.180000000000,0.010000000000
1503564152,3314.730000000000,0.010000000000
1503564152,3314.730000000000,0.020000000000
1503564248,3314.810000000000,0.030000000000
1503564280,3310.640000000000,0.030000000000
1503564280,3310.630000000000,0.320000000000
1503564354,3315.410000000000,0.030000000000
1503564429,3319.850000000000,0.010000000000
1503564452,3319.850000000000,0.020000000000
1503564452,3319.850000000000,0.010000000000
1503564513,3316.120000000000,0.010000000000
1503564513,3316.120000000000,0.020000000000
1503564522,3316.120000000000,0.030000000000
1503564537,3316.120000000000,0.040000000000
1503564547,3316.120000000000,0.030000000000
1503564569,3316.120000000000,0.010000000000
1503564570,3316.120000000000,0.010000000000
1503564602,3316.270000000000,0.060000000000
1503564605,3316.270000000000,0.080000000000
1503564605,3316.280000000000,0.012867000000
1503564605,3319.860000000000,0.010245470000
1503564605,3320.000000000000,0.010052950000
1503564605,3322.770000000000,0.006834580000
1503564605,3322.770000000000,0.005637540000
1503564605,3323.510000000000,0.084362460000
1503564616,3323.510000000000,0.030000000000
1503564629,3313.600000000000,0.020000000000
1503564651,3323.500000000000,0.010000000000
1503564651,3323.510000000000,0.080000000000
1503564656,3323.510000000000,0.120000000000
1503564694,3322.080000000000,0.100000000000
1503564711,3322.080000000000,0.010000000000
1503564754,3319.760000000000,0.010000000000
1503564754,3319.770000000000,0.028786290000
1503564754,3322.080000000000,0.021213710000
1503564773,3322.080000000000,0.030000000000
1503564814,3322.350000000000,0.060000000000
1503564826,3322.630000000000,0.010000000000
1503564843,3316.350000000000,0.010000000000
1503564849,3316.350000000000,0.040000000000
1503564863,3316.350000000000,0.011914010000
1503564863,3316.350000000000,0.008085990000
1503564903,3316.350000000000,0.020000000000
1503564907,3316.350000000000,0.010000000000
1503564966,3315.580000000000,0.090000000000
1503564976,3315.580000000000,0.080000000000
1503565107,3313.100000000000,0.030000000000
1503565139,3313.100000000000,0.080000000000
1503565159,3315.190000000000,0.023310680000
1503565159,3318.580000000000,0.006689320000
1503565195,3313.040000000000,0.010000000000
1503565199,3313.040000000000,0.007326510000
1503565199,3317.750000000000,0.022673490000
1503565210,3317.750000000000,0.000651300000
1503565210,3318.930000000000,0.069348700000
1503565218,3318.930000000000,0.030000000000
1503565230,3318.930000000000,0.012784860000
1503565230,3318.930000000000,0.087215140000
1503565237,3318.930000000000,0.024901760000
1503565237,3325.000000000000,0.015098240000
1503565269,3325.000000000000,0.010000000000
1503565287,3325.000000000000,0.020000000000
1503565291,3318.590000000000,0.023924360000
1503565296,3318.900000000000,0.024602590000
1503565299,3318.980000000000,0.031697380000
1503565299,3318.980000000000,0.061372240000
1503565299,3318.980000000000,0.034816340000
1503565299,3318.980000000000,0.039256060000
1503565299,3318.980000000000,0.037905820000
1503565299,3318.980000000000,0.071286740000
1503565299,3318.980000000000,0.189493670000
1503565305,3325.000000000000,0.004901760000
1503565305,3325.600000000000,0.010000000000
1503565305,3327.870000000000,0.085098240000
1503565317,3329.280000000000,0.070000000000
1503565357,3329.280000000000,0.010000000000
1503565402,3319.830000000000,0.023174860000
1503565420,3320.890000000000,0.030000000000
1503565420,3320.880000000000,0.015699000000
1503565420,3320.880000000000,0.003216900000
1503565420,3320.880000000000,0.046783100000
1503565420,3320.510000000000,0.001793210000
1503565477,3329.270000000000,0.030000000000
1503565514,3329.270000000000,0.040000000000
1503565538,3320.960000000000,0.012331130000
1503565539,3320.960000000000,0.013125950000
1503565540,3329.220000000000,0.060000000000
1503565551,3329.220000000000,0.040000000000
1503565554,3329.160000000000,0.010000000000
1503565556,3329.160000000000,0.060000000000
1503565579,3329.170000000000,0.090000000000
1503565582,3329.120000000000,0.010000000000
1503565611,3329.060000000000,0.090000000000
1503565625,3329.170000000000,0.010000000000
1503565644,3329.220000000000,0.040000000000
1503565650,3329.270000000000,0.080000000000
1503565663,3319.830000000000,0.015077250000
1503565693,3329.290000000000,0.030000000000
1503565709,3329.020000000000,0.090000000000
1503565720,3329.210000000000,0.030000000000
1503565720,3329.220000000000,0.010000000000
1503565730,3329.180000000000,0.030000000000
1503565766,3329.280000000000,0.020000000000
1503565768,3329.290000000000,0.010000000000
1503565812,3329.250000000000,0.020000000000
1503565852,3320.930000000000,0.030000000000
1503565852,3320.920000000000,0.030000000000
1503565869,3329.230000000000,0.030000000000
1503565869,3329.290000000000,0.030000000000
1503565925,3329.280000000000,0.030000000000
1503565981,3328.990000000000,0.010000000000
1503566096,3326.990000000000,0.010000000000
1503566108,3326.990000000000,0.040000000000
1503566112,3318.670000000000,0.010000000000
1503566131,3318.670000000000,0.005740890000
1503566131,3317.640000000000,0.050000000000
1503566131,3315.970000000000,0.076291120000
1503566146,3313.150000000000,0.010000000000
1503566146,3312.090000000000,0.021926880000
1503566167,3328.290000000000,0.013709190000
1503566167,3328.300000000000,0.126290810000
1503566168,3311.770000000000,0.020000000000
1503566208,3319.810000000000,0.030000000000
1503566222,3317.920000000000,0.020000000000
1503566222,3317.930000000000,0.070000000000
1503566226,3311.770000000000,0.050000000000
1503566256,3311.780000000000,0.032757380000
1503566262,3311.770000000000,0.020000000000
1503566270,3311.980000000000,0.040000000000
1503566290,3311.930000000000,0.010000000000
1503566314,3311.870000000000,0.050000000000
1503566315,3311.870000000000,0.060000000000
1503566318,3311.770000000000,0.030000000000
1503566319,3312.000000000000,0.010000000000
1503566345,3312.000000000000,0.090000000000
1503566361,3312.000000000000,0.028000000000
1503566361,3312.000000000000,0.012000000000
1503566370,3312.450000000000,0.090000000000
1503566414,3312.510000000000,0.010000000000
1503566422,3312.510000000000,0.010000000000
1503566481,3312.640000000000,0.040000000000
1503566508,3313.100000000000,0.010000000000
1503566516,3313.100000000000,0.090000000000
1503566536,3313.100000000000,0.026000000000
1503566536,3313.100000000000,0.004000000000
1503566557,3313.110000000000,0.069000000000
1503566557,3313.120000000000,0.021000000000
1503566558,3313.110000000000,0.020000000000
1503566628,3313.110000000000,0.020000000000
1503566711,3313.110000000000,0.020000000000
1503566711,3313.120000000000,0.003000000000
1503566711,3315.890000000000,0.050000000000
1503566711,3319.670000000000,0.067000000000
1503566769,3317.950000000000,0.011000000000
1503566769,3317.960000000000,0.009000000000
1503566818,3317.950000000000,0.011000000000
1503566818,3317.960000000000,0.009000000000
1503566835,3311.770000000000,0.090000000000
1503566841,3311.770000000000,0.115123510000
1503566841,3311.770000000000,0.149550260000
1503566842,3311.770000000000,0.027326230000
1503566842,3307.470000000000,0.060000000000
1503566842,3307.460000000000,0.034324500000
1503566853,3310.290000000000,0.017498370000
1503566854,3328.240000000000,0.040000000000
1503566862,3307.430000000000,0.050000000000
1503566862,3305.620000000000,0.092277940000
1503566862,3305.620000000000,0.057722060000
1503566873,3302.000000000000,0.010300890000
1503566873,3298.210000000000,0.037083360000
1503566873,3298.210000000000,0.032615750000
1503566926,3303.330000000000,0.010000000000
1503566928,3303.330000000000,0.020000000000
1503566928,3303.330000000000,0.020000000000
1503566951,3297.520000000000,0.020000000000
1503566954,3297.520000000000,0.004680950000
1503566954,3303.330000000000,0.015319050000
1503566956,3307.500000000000,0.040000000000
1503566968,3307.500000000000,0.060000000000
1503566997,3307.490000000000,0.010000000000
1503567002,3307.490000000000,0.050000000000
1503567015,3307.490000000000,0.030000000000
1503567038,3307.490000000000,0.010000000000
1503567065,3307.490000000000,0.020000000000
1503567078,3301.330000000000,0.019807780000
1503567078,3309.260000000000,0.000192220000
1503567100,3301.750000000000,0.019576050000
1503567100,3301.760000000000,0.120423950000
1503567102,3300.820000000000,0.010000000000
1503567110,3300.820000000000,0.019730340000
1503567110,3308.690000000000,0.120269660000
1503567118,3304.970000000000,0.030000000000
1503567167,3301.000000000000,0.010000000000
1503567189,3301.000000000000,0.020000000000
1503567197,3299.960000000000,0.013633260000
1503567210,3301.320000000000,0.010000000000
1503567216,3301.320000000000,0.013414870000
1503567216,3301.750000000000,0.019686210000
1503567216,3303.330000000000,0.046898920000
1503567227,3306.100000000000,0.010000000000
1503567235,3299.500000000000,0.013009250000
1503567235,3299.500000000000,0.050022470000
1503567240,3306.100000000000,0.011783580000
1503567240,3307.070000000000,0.038216420000
1503567252,3307.070000000000,0.030000000000
1503567283,3307.070000000000,0.020000000000
1503567292,3307.070000000000,0.020000000000
1503567301,3307.070000000000,0.030000000000
1503567339,3300.150000000000,0.140000000000
1503567343,3300.130000000000,0.012350150000
1503567343,3300.130000000000,0.067614980000
1503567384,3301.840000000000,0.060000000000
1503567396,3301.840000000000,0.004012100000
1503567396,3303.870000000000,0.085987900000
1503567411,3307.190000000000,0.010000000000
1503567422,3307.190000000000,0.020000000000
1503567425,3300.420000000000,0.020700250000
1503567454,3300.640000000000,0.013783680000
1503567462,3301.600000000000,0.090000000000
1503567464,3300.660000000000,0.047407880000
1503567496,3301.600000000000,0.013452410000
1503567496,3302.430000000000,0.046547590000
1503567534,3302.430000000000,0.030000000000
1503567560,3300.710000000000,0.022234110000
1503567586,3300.720000000000,0.020181900000
1503567606,3301.420000000000,0.010000000000
1503567608,3300.720000000000,0.029818100000
1503567608,3300.700000000000,0.150000000000
1503567608,3297.500000000000,0.053059750000
1503567608,3297.490000000000,0.147122150000
1503567614,3301.420000000000,0.013738480000
1503567614,3301.810000000000,0.026261520000
1503567649,3301.810000000000,0.039604420000
1503567649,3302.540000000000,0.000395580000
1503567657,3302.540000000000,0.023292280000
1503567657,3303.440000000000,0.066707720000
1503567665,3304.160000000000,0.010000000000
1503567681,3299.430000000000,0.020000000000
1503567684,3299.430000000000,0.002171440000
1503567684,3304.160000000000,0.005748150000
1503567684,3308.650000000000,0.062080410000
1503567688,3308.650000000000,0.040000000000
1503567743,3299.990000000000,0.022388650000
1503567743,3302.880000000000,0.007611350000
1503567753,3302.880000000000,0.060000000000
1503567762,3302.880000000000,0.090000000000
1503567819,3299.020000000000,0.020000000000
1503567908,3300.310000000000,0.020000000000
1503567939,3299.950000000000,0.015747400000
1503567939,3299.930000000000,0.022132650000
1503567939,3299.930000000000,0.027867350000
1503567996,3296.740000000000,0.010000000000
1503568019,3297.250000000000,0.010239590000
1503568019,3297.400000000000,0.010844820000
1503568019,3297.400000000000,0.038915590000
1503568019,3302.130000000000,0.020000000000
1503568063,3298.220000000000,0.012217510000
1503568066,3301.480000000000,0.030000000000
1503568068,3301.480000000000,0.032615630000
1503568068,3302.640000000000,0.017384370000
1503568072,3302.640000000000,0.009217950000
1503568072,3305.240000000000,0.150000000000
1503568072,3306.540000000000,0.015749370000
1503568072,3313.010000000000,0.060000000000
1503568072,3313.050000000000,0.168000000000
1503568072,3313.450000000000,0.317032680000
1503568080,3313.450000000000,0.010000000000
1503568090,3313.450000000000,0.090000000000
1503568124,3313.450000000000,0.090000000000
1503568125,3313.450000000000,0.010000000000
1503568148,3313.360000000000,0.090000000000
1503568161,3313.340000000000,0.020000000000
1503568178,3306.860000000000,0.127913740000
1503568178,3306.860000000000,0.022086260000
1503568178,3305.140000000000,0.015768410000
1503568178,3304.920000000000,0.009749720000
1503568180,3304.920000000000,0.016443720000
1503568180,3304.920000000000,0.023806560000
1503568180,3304.810000000000,0.004231290000
1503568188,3310.310000000000,0.009907830000
1503568190,3310.310000000000,0.039092170000
1503568190,3321.320000000000,0.015768170000
1503568190,3321.700000000000,0.005139660000
1503568201,3321.270000000000,0.027000000000
1503568201,3321.280000000000,0.033000000000
1503568209,3321.230000000000,0.014000000000
1503568209,3321.240000000000,0.026000000000
1503568225,3321.200000000000,0.220913740000
1503568225,3321.200000000000,0.050000000000
1503568225,3321.220000000000,0.150000000000
1503568225,3322.610000000000,0.013759770000
1503568225,3329.290000000000,0.030000000000
1503568225,3330.000000000000,0.100000000000
1503568225,3330.710000000000,0.147555480000
1503568225,3340.300000000000,0.007771010000
1503568252,3340.260000000000,0.010000000000
1503568255,3340.260000000000,0.060000000000
1503568286,3331.920000000000,0.014081260000
1503568286,3340.260000000000,0.040000000000
1503568288,3331.920000000000,0.015918740000
1503568288,3331.910000000000,0.003926120000
1503568292,3333.270000000000,0.012476410000
1503568293,3340.200000000000,0.010000000000
1503568293,3340.210000000000,0.020000000000
1503568295,3332.670000000000,0.023438540000
1503568303,3331.920000000000,0.011033790000
1503568335,3339.850000000000,0.020000000000
1503568380,3339.910000000000,0.011033790000
1503568380,3339.920000000000,0.028966210000
1503568463,3340.220000000000,0.060000000000
1503568468,3340.220000000000,0.710000000000
1503568574,3340.220000000000,0.070000000000
1503568668,3340.220000000000,0.010000000000
1503568701,3340.220000000000,0.060000000000
1503568719,3340.220000000000,0.010000000000
1503568762,3340.220000000000,0.060000000000
1503568763,3331.870000000000,0.010553020000
1503568810,3340.220000000000,0.080000000000
1503568838,3331.880000000000,0.030000000000
1503568838,3331.870000000000,0.015790520000
1503568838,3331.870000000000,0.044209480000
1503568866,3340.160000000000,0.030000000000
1503568866,3340.170000000000,0.060000000000
1503568871,3310.000000000000,0.112533020000
1503568871,3310.000000000000,0.008313980000
1503568871,3296.170000000000,0.132598520000
1503568871,3296.170000000000,0.135168910000
1503568872,3340.220000000000,0.030000000000
1503568882,3266.470000000000,0.010000000000
1503568883,3266.470000000000,0.005792180000
1503568887,3298.960000000000,0.060000000000
1503568940,3283.710000000000,0.030000000000
1503568946,3283.710000000000,0.031163750000
1503568946,3283.710000000000,0.062081520000
1503568946,3283.710000000000,0.020930830000
1503568946,3290.960000000000,0.021126990000
1503568946,3299.850000000000,0.014696910000
1503568956,3299.870000000000,0.010000000000
1503568974,3292.960000000000,0.010000000000
1503568984,3292.960000000000,0.005798850000
1503568984,3301.630000000000,0.011000000000
1503568984,3301.630000000000,0.060000000000
1503568984,3324.720000000000,0.013201150000
1503568988,3301.640000000000,0.011000000000
1503568988,3324.720000000000,0.004261820000
1503568988,3325.730000000000,0.014738180000
1503569023,3293.860000000000,0.015802800000
1503569023,3296.940000000000,0.004197200000
1503569028,3296.730000000000,0.060000000000
1503569029,3296.730000000000,0.010000000000
1503569041,3296.730000000000,0.030000000000
1503569050,3290.280000000000,0.100000000000
1503569062,3296.730000000000,0.060000000000
1503569098,3296.730000000000,0.020000000000
1503569108,3296.730000000000,0.060000000000
1503569147,3292.660000000000,0.020000000000
1503569150,3292.660000000000,0.010000000000
1503569155,3290.310000000000,0.028660050000
1503569170,3292.660000000000,0.020000000000
1503569190,3292.660000000000,0.060000000000
1503569212,3292.660000000000,0.026649640000
1503569212,3306.750000000000,0.063350360000
1503569238,3306.750000000000,0.004183010000
1503569238,3306.760000000000,0.015799360000
1503569238,3306.820000000000,0.010017630000
1503569250,3298.480000000000,0.015799310000
1503569250,3292.290000000000,0.060000000000
1503569250,3292.280000000000,0.038128860000
1503569255,3306.810000000000,0.010000000000
1503569266,3290.390000000000,0.012975870000
1503569290,3294.940000000000,0.028763870000
1503569290,3306.830000000000,0.001236130000
1503569292,3306.830000000000,0.010000000000
1503569295,3306.830000000000,0.029868600000
1503569295,3306.840000000000,0.015798300000
1503569295,3326.840000000000,0.014333100000
1503569312,3326.840000000000,0.003121840000
1503569312,3337.690000000000,0.056878160000
1503569318,3337.650000000000,0.140000000000
1503569327,3337.650000000000,0.060000000000
1503569348,3322.610000000000,0.050000000000
1503569348,3321.150000000000,0.040000000000
1503569364,3337.500000000000,0.090000000000
1503569371,3337.450000000000,0.040000000000
1503569373,3331.720000000000,0.050000000000
1503569373,3329.350000000000,0.070000000000
1503569377,3329.200000000000,0.015790110000
1503569377,3312.510000000000,0.015790110000
1503569377,3295.830000000000,0.028828820000
1503569381,3295.830000000000,0.029420750000
1503569399,3337.300000000000,0.058249570000
1503569399,3337.310000000000,0.081750430000
1503569407,3337.210000000000,0.140000000000
1503569426,3337.160000000000,0.120000000000
1503569427,3337.160000000000,0.030000000000
1503569449,3337.060000000000,0.070000000000
1503569500,3328.780000000000,0.013869390000
1503569585,3337.100000000000,0.020000000000
1503569591,3337.100000000000,0.060000000000
1503569592,3337.100000000000,0.010000000000
1503569629,3336.890000000000,0.013869390000
1503569629,3336.900000000000,0.346130610000
1503569655,3337.600000000000,0.090000000000
1503569663,3337.550000000000,0.060000000000
1503569670,3337.540000000000,0.010000000000
1503569685,3337.490000000000,0.010000000000
1503569715,3337.450000000000,0.010000000000
1503569717,3337.450000000000,0.030000000000
1503569720,3337.450000000000,0.020000000000
1503569721,3329.110000000000,0.010000000000
1503569726,3337.450000000000,0.040000000000
1503569756,3337.450000000000,0.110000000000
1503569759,3337.450000000000,0.040000000000
1503569791,3337.450000000000,0.090000000000
1503569810,3337.450000000000,0.070000000000
1503569905,3329.110000000000,0.015798160000
1503569905,3329.010000000000,0.024201840000
1503569911,3329.410000000000,0.010000000000
1503569928,3329.410000000000,0.030000000000
1503569932,3329.080000000000,0.015798110000
1503569932,3312.430000000000,0.030000000000
1503569932,3312.430000000000,0.004201890000
1503569934,3329.410000000000,0.060000000000
1503569938,3327.360000000000,0.090000000000
1503569978,3329.170000000000,0.010000000000
1503569982,3329.180000000000,0.010000000000
1503570016,3329.130000000000,0.040000000000
1503570028,3291.150000000000,0.040000000000
1503570074,3320.640000000000,0.015800640000
1503570074,3319.710000000000,0.014199360000
1503570096,3291.190000000000,0.020000000000
1503570110,3307.610000000000,0.030000000000
1503570116,3307.610000000000,0.034201890000
1503570116,3307.620000000000,0.015801270000
1503570116,3309.140000000000,0.039996840000
1503570157,3336.960000000000,0.052681290000
1503570157,3337.020000000000,0.037318710000
1503570159,3337.040000000000,0.020000000000
1503570159,3337.050000000000,0.010000000000
1503570166,3337.050000000000,0.020000000000
1503570187,3329.910000000000,0.050000000000
1503570232,3329.760000000000,0.020000000000
1503570277,3329.600000000000,0.010000000000
1503570316,3326.360000000000,0.030000000000
1503570326,3326.360000000000,0.010000000000
1503570338,3321.240000000000,0.015804450000
1503570338,3302.830000000000,0.016553220000
1503570340,3302.850000000000,0.482446780000
1503570340,3295.540000000000,0.053346300000
1503570340,3291.380000000000,0.041354760000
1503570340,3291.380000000000,0.024034660000
1503570357,3326.160000000000,0.030000000000
1503570357,3326.170000000000,0.060000000000
1503570390,3306.290000000000,0.010000000000
1503570402,3306.150000000000,0.012000000000
1503570402,3306.160000000000,0.088000000000
1503570406,3306.130000000000,0.012000000000
1503570406,3306.130000000000,0.008000000000
1503570462,3290.350000000000,0.025959060000
1503570470,3296.150000000000,0.010000000000
1503570476,3295.960000000000,0.030000000000
1503570483,3295.960000000000,0.020000000000
1503570483,3296.150000000000,0.070000000000
1503570532,3296.150000000000,0.020000000000
1503570574,3301.510000000000,0.010000000000
1503570575,3290.360000000000,0.035701300000
1503570579,3290.360000000000,0.026339640000
1503570579,3290.360000000000,0.008375500000
1503570595,3295.690000000000,0.010000000000
1503570634,3295.690000000000,0.010000000000
1503570654,3295.690000000000,0.030000000000
1503570654,3290.360000000000,0.024319310000
1503570665,3295.690000000000,0.020000000000
1503570685,3302.370000000000,0.020000000000
1503570688,3302.370000000000,0.030000000000
1503570688,3306.800000000000,0.020000000000
1503570690,3284.810000000000,0.020000000000
1503570690,3284.800000000000,0.000123200000
1503570724,3300.570000000000,0.010000000000
1503570727,3300.570000000000,0.020000000000
1503570735,3300.510000000000,0.030000000000
