1504985090,4249.010000000000,0.016914190000
1504985090,4249.010000000000,0.248760890000
1504985092,4249.150000000000,0.000002340000
1504985092,4249.140000000000,0.096311070000
1504985093,4249.210000000000,0.090438470000
1504985099,4249.070000000000,2.345970000000
1504985099,4249.250000000000,0.219246320000
1504985099,4249.990000000000,2.508983680000
1504985102,4249.990000000000,0.000002340000
1504985111,4249.980000000000,0.000002340000
1504985112,4249.980000000000,0.009997660000
1504985112,4249.990000000000,0.011551500000
1504985112,4249.990000000000,0.023470790000
1504985114,4249.990000000000,0.023558750000
1504985116,4249.980000000000,0.094291470000
1504985116,4249.980000000000,0.010000000000
1504985121,4249.980000000000,0.361053300000
1504985121,4249.980000000000,0.143948390000
1504985121,4249.990000000000,0.000002340000
1504985131,4249.990000000000,0.578200000000
1504985131,4249.990000000000,0.020000000000
1504985131,4249.990000000000,0.000002340000
1504985134,4249.980000000000,3.843724680000
1504985141,4249.990000000000,0.000002340000
1504985151,4249.990000000000,0.000002340000
1504985162,4249.990000000000,1.271600000000
1504985162,4249.990000000000,0.000002340000
1504985169,4249.980000000000,0.428919900000
1504985172,4249.990000000000,0.000002340000
1504985182,4249.990000000000,0.000002340000
1504985184,4249.990000000000,0.000011730000
1504985192,4249.990000000000,0.030000000000
1504985192,4249.990000000000,0.000002340000
1504985194,4249.990000000000,0.470300000000
1504985201,4249.980000000000,0.100000000000
1504985201,4249.980000000000,0.100000000000
1504985201,4249.980000000000,0.020001000000
1504985201,4249.980000000000,0.081701330000
1504985201,4249.980000000000,0.238298670000
1504985201,4249.980000000000,0.020001000000
1504985201,4249.980000000000,0.027667500000
1504985202,4249.980000000000,0.058515220000
1504985202,4249.990000000000,0.000002340000
1504985202,4249.980000000000,0.270917830000
1504985206,4249.980000000000,0.050000000000
1504985206,4249.980000000000,0.369707090000
1504985208,4249.980000000000,0.075000000000
1504985208,4249.990000000000,0.010000000000
1504985210,4249.990000000000,0.030000000000
1504985212,4249.990000000000,0.000002340000
1504985213,4249.990000000000,1.522535450000
1504985214,4249.980000000000,0.100000000000
1504985218,4249.990000000000,0.112841940000
1504985222,4249.990000000000,0.000002340000
1504985225,4249.990000000000,0.878400000000
1504985226,4249.990000000000,0.030000000000
1504985227,4249.980000000000,0.124756410000
1504985232,4249.990000000000,0.000002340000
1504985240,4249.990000000000,0.040000000000
1504985240,4249.990000000000,0.070000000000
1504985242,4249.990000000000,0.000002340000
1504985252,4249.990000000000,0.000002340000
1504985257,4249.990000000000,0.780651220000
1504985257,4249.990000000000,0.010793430000
1504985257,4249.990000000000,0.385955350000
1504985262,4249.990000000000,0.000002340000
1504985265,4249.990000000000,0.010000000000
1504985267,4249.990000000000,0.013613050000
1504985271,4249.990000000000,0.390426670000
1504985271,4249.990000000000,2.298895310000
1504985272,4249.990000000000,0.000002340000
1504985276,4249.980000000000,0.183435950000
1504985276,4249.980000000000,0.078559840000
1504985278,4249.980000000000,0.089841410000
1504985282,4249.990000000000,0.000002340000
1504985288,4249.980000000000,1.500000000000
1504985289,4249.990000000000,0.884976150000
1504985291,4249.990000000000,0.000002340000
1504985301,4249.990000000000,0.000002340000
1504985304,4249.990000000000,0.000011730000
1504985304,4249.990000000000,0.030000000000
1504985309,4249.990000000000,0.169983590000
1504985309,4249.990000000000,0.533320390000
1504985311,4250.000000000000,0.000002340000
1504985319,4249.990000000000,0.300000000000
1504985319,4249.990000000000,0.320000000000
1504985319,4249.990000000000,3.730000000000
1504985319,4249.990000000000,0.650000000000
1504985320,4250.000000000000,0.023997660000
1504985320,4250.000000000000,4.313502340000
1504985321,4250.000000000000,0.000002340000
1504985322,4250.000000000000,2.151213740000
1504985328,4250.310000000000,0.591045780000
1504985331,4251.000000000000,0.000002340000
1504985336,4251.000000000000,0.010000000000
1504985341,4251.000000000000,0.234652130000
1504985341,4251.000000000000,0.000234650000
1504985342,4251.000000000000,0.000002340000
1504985349,4251.000000000000,0.375458580000
1504985350,4251.000000000000,0.010000000000
1504985352,4251.000000000000,0.030000000000
1504985352,4251.000000000000,0.000002340000
1504985352,4251.000000000000,2.355200000000
1504985362,4252.000000000000,0.000002340000
1504985365,4252.000000000000,0.029904580000
1504985366,4252.000000000000,0.028312500000
1504985372,4252.000000000000,0.000002340000
1504985382,4252.000000000000,0.000002340000
1504985384,4252.000000000000,0.471500000000
1504985392,4252.000000000000,0.000002340000
1504985395,4251.990000000000,0.065509800000
1504985395,4251.990000000000,0.114527590000
1504985398,4252.000000000000,0.010000000000
1504985400,4251.990000000000,4.228916830000
1504985401,4252.000000000000,0.000234590000
1504985402,4252.000000000000,0.000002340000
1504985408,4252.000000000000,0.040000000000
1504985411,4252.000000000000,0.050000000000
1504985411,4252.000000000000,0.000002340000
1504985414,4252.000000000000,0.030000000000
1504985417,4252.000000000000,0.030000000000
1504985417,4252.000000000000,0.017594770000
1504985419,4252.000000000000,1.940800000000
1504985421,4252.000000000000,0.000002340000
1504985425,4251.990000000000,1.536515420000
1504985426,4252.000000000000,0.117298470000
1504985429,4252.000000000000,0.100674760000
1504985432,4252.000000000000,0.000002340000
1504985434,4251.990000000000,0.100000000000
1504985436,4252.000000000000,0.083328580000
1504985441,4252.000000000000,0.000002340000
1504985446,4252.000000000000,13.416996070000
1504985447,4252.000000000000,0.061868230000
1504985447,4252.000000000000,0.020000000000
1504985450,4252.000000000000,0.000011720000
1504985450,4252.000000000000,2.229000000000
1504985452,4252.000000000000,0.000002340000
1504985452,4252.000000000000,0.059791670000
1504985459,4252.000000000000,0.040681540000
1504985460,4252.000000000000,0.188734900000
1504985462,4252.000000000000,0.000002340000
1504985463,4252.000000000000,0.100674760000
1504985468,4252.000000000000,0.030000000000
1504985471,4252.000000000000,0.000002340000
1504985474,4252.000000000000,0.766598460000
1504985474,4252.000000000000,0.205979500000
1504985481,4252.000000000000,0.436500000000
1504985481,4252.000000000000,0.000002340000
1504985485,4252.000000000000,0.002443170000
1504985485,4252.000000000000,0.058575120000
1504985485,4252.700000000000,0.039385120000
1504985488,4252.100000000000,0.445668940000
1504985489,4252.700000000000,0.000450240000
1504985489,4255.300000000000,0.019549760000
1504985491,4252.270000000000,0.939700000000
1504985491,4252.260000000000,0.200000000000
1504985491,4252.260000000000,0.541046990000
1504985491,4255.300000000000,0.000002340000
1504985501,4254.700000000000,0.000002340000
1504985511,4254.700000000000,0.000002340000
1504985512,4254.180000000000,0.674000000000
1504985516,4254.700000000000,0.058687430000
1504985516,4254.700000000000,0.117901530000
1504985516,4257.530000000000,0.744900000000
1504985516,4257.540000000000,0.500000000000
1504985516,4259.790000000000,0.574492160000
1504985522,4259.720000000000,0.000002340000
1504985523,4259.710000000000,3.044240340000
1504985524,4259.700000000000,0.010000000000
1504985524,4259.700000000000,0.010000000000
1504985524,4259.700000000000,0.020000000000
1504985532,4259.710000000000,0.000002340000
1504985535,4259.710000000000,0.070270960000
1504985535,4259.710000000000,0.036692660000
1504985535,4259.710000000000,0.024131990000
1504985542,4259.710000000000,0.000002340000
1504985543,4259.710000000000,1.564900000000
1504985544,4259.710000000000,0.000011700000
1504985547,4259.710000000000,0.064100790000
1504985552,4259.710000000000,2.396685930000
1504985552,4259.710000000000,0.000002340000
1504985557,4259.710000000000,2.810068010000
1504985562,4259.710000000000,0.000002340000
1504985563,4259.710000000000,0.020000000000
1504985563,4259.710000000000,0.020000000000
1504985572,4259.710000000000,0.000002340000
1504985574,4259.710000000000,0.553897660000
1504985574,4259.710000000000,0.030000000000
1504985574,4259.710000000000,0.477102340000
1504985579,4259.710000000000,0.100000000000
1504985582,4259.710000000000,0.000002340000
1504985583,4259.710000000000,0.126796220000
1504985583,4259.710000000000,4.466025770000
1504985591,4259.710000000000,0.000002340000
1504985601,4259.710000000000,0.032952730000
1504985601,4259.710000000000,0.000002340000
1504985606,4259.710000000000,0.117599490000
1504985606,4259.710000000000,0.025738730000
1504985606,4260.000000000000,0.255000000000
1504985606,4260.000000000000,0.500000000000
1504985606,4261.600000000000,0.216261780000
1504985612,4264.730000000000,0.000002330000
1504985622,4264.610000000000,0.000002330000
1504985626,4261.590000000000,0.016571930000
1504985631,4264.970000000000,0.000002330000
1504985631,4264.970000000000,0.060000000000
1504985633,4264.200000000000,0.994184480000
1504985636,4259.880000000000,0.100000000000
1504985637,4264.850000000000,0.070167030000
1504985638,4264.850000000000,0.129832970000
1504985638,4264.850000000000,0.058558520000
1504985638,4264.920000000000,0.407208510000
1504985642,4264.920000000000,0.000002330000
1504985652,4264.920000000000,0.000002330000
1504985653,4264.920000000000,0.117571930000
1504985653,4264.920000000000,0.758728070000
1504985661,4264.920000000000,0.100000000000
1504985662,4264.920000000000,0.000002330000
1504985664,4264.920000000000,0.000011690000
1504985664,4264.920000000000,0.092591030000
1504985668,4264.920000000000,0.021244840000
1504985668,4264.920000000000,0.058619160000
1504985668,4264.920000000000,0.117136000000
1504985668,4264.920000000000,0.000099490000
1504985668,4265.000000000000,0.379500510000
1504985669,4265.000000000000,0.120499490000
1504985669,4265.200000000000,0.069300510000
1504985669,4265.200000000000,0.094900000000
1504985670,4265.200000000000,1.476200000000
1504985670,4265.200000000000,0.052300000000
1504985670,4265.200000000000,0.026200000000
1504985671,4265.200000000000,0.018000000000
1504985672,4265.200000000000,0.000002330000
1504985675,4265.200000000000,0.019600000000
1504985676,4265.200000000000,0.020001000000
1504985676,4265.200000000000,0.020500000000
1504985676,4265.200000000000,0.010200000000
1504985682,4265.200000000000,0.000002330000
1504985683,4265.200000000000,0.030000000000
1504985685,4265.200000000000,0.010000000000
1504985687,4265.200000000000,0.163751460000
1504985687,4265.200000000000,0.636227110000
1504985688,4265.200000000000,0.020001000000
1504985692,4265.200000000000,0.000002330000
1504985695,4265.200000000000,0.020001000000
1504985698,4265.200000000000,0.020001000000
1504985701,4265.200000000000,0.677060980000
1504985701,4265.200000000000,0.020001000000
1504985701,4265.200000000000,0.012744020000
1504985701,4265.200000000000,0.027433110000
1504985701,4265.510000000000,0.010000000000
1504985701,4265.510000000000,0.049000000000
1504985701,4265.510000000000,0.010000000000
1504985701,4265.510000000000,0.015000000000
1504985701,4265.510000000000,0.010000000000
1504985701,4271.630000000000,0.569875290000
1504985701,4274.360000000000,2.135047580000
1504985702,4274.330000000000,0.000002330000
1504985702,4274.310000000000,0.495970000000
1504985702,4274.310000000000,1.894000000000
1504985702,4265.600000000000,2.337150000000
1504985702,4265.540000000000,0.200000000000
1504985702,4265.520000000000,1.100000000000
1504985702,4265.520000000000,1.000000000000
1504985702,4265.520000000000,0.960000000000
1504985702,4265.520000000000,0.980000000000
1504985702,4265.520000000000,0.870000000000
1504985702,4265.510000000000,0.200000000000
1504985702,4265.510000000000,1.100000000000
1504985702,4265.510000000000,0.010000000000
1504985702,4265.220000000000,0.970000000000
1504985704,4265.200000000000,0.520000000000
1504985708,4265.200000000000,0.020001000000
1504985712,4265.200000000000,0.000002330000
1504985714,4265.200000000000,7.342876670000
1504985718,4270.510000000000,0.010000000000
1504985718,4273.970000000000,0.006450290000
1504985718,4273.970000000000,0.193549710000
1504985718,4274.990000000000,0.200000000000
1504985718,4275.000000000000,0.100000000000
1504985718,4275.000000000000,0.045126760000
1504985720,4270.360000000000,0.012468750000
1504985722,4275.000000000000,0.000002330000
1504985731,4275.000000000000,0.000002330000
1504985733,4275.000000000000,0.204868580000
1504985733,4275.000000000000,0.312031420000
1504985741,4275.000000000000,0.000002330000
1504985742,4274.990000000000,0.010000000000
1504985742,4275.000000000000,0.187966250000
1504985742,4275.000000000000,0.479248000000
1504985742,4275.000000000000,0.020752000000
1504985742,4275.000000000000,0.009248000000
1504985745,4274.280000000000,0.012761030000
1504985750,4274.340000000000,0.010000000000
1504985750,4274.340000000000,0.519000000000
1504985750,4274.340000000000,0.107548130000
1504985750,4277.010000000000,2.179576300000
1504985751,4277.010000000000,0.000002330000
1504985762,4277.010000000000,0.000002330000
1504985766,4277.010000000000,1.855900000000
1504985771,4277.010000000000,0.000002330000
1504985774,4277.010000000000,0.009997670000
1504985774,4277.010000000000,0.232933740000
1504985774,4277.010000000000,0.030000000000
1504985777,4277.010000000000,0.020002000000
1504985778,4277.010000000000,0.020002000000
1504985778,4277.010000000000,0.020002000000
1504985781,4277.010000000000,0.000002330000
1504985784,4277.010000000000,0.030000000000
1504985784,4277.010000000000,0.000011660000
1504985791,4277.010000000000,0.000002330000
1504985794,4277.010000000000,0.551503940000
1504985794,4277.010000000000,0.116744930000
1504985794,4277.010000000000,0.810864930000
1504985797,4277.010000000000,0.967410860000
1504985797,4277.000000000000,0.038000000000
1504985797,4277.000000000000,1.386800000000
1504985801,4277.010000000000,0.000002330000
1504985804,4277.000000000000,0.020000000000
1504985805,4277.000000000000,0.020000000000
1504985805,4277.010000000000,0.077917850000
1504985811,4277.010000000000,0.000002330000
1504985822,4277.010000000000,0.000002330000
1504985822,4277.010000000000,0.442075160000
1504985822,4277.010000000000,0.024375100000
1504985825,4277.000000000000,0.201000000000
1504985825,4277.000000000000,0.110000000000
1504985825,4277.000000000000,0.217821590000
1504985825,4277.000000000000,0.031865680000
1504985825,4277.000000000000,0.010000000000
1504985825,4277.000000000000,0.017538760000
1504985825,4277.000000000000,0.100000000000
1504985825,4277.000000000000,0.010000000000
1504985825,4277.000000000000,0.196073970000
1504985829,4276.970000000000,0.044400000000
1504985832,4276.980000000000,0.000002330000
1504985833,4276.980000000000,0.012544690000
1504985834,4276.980000000000,0.132268710000
1504985838,4276.970000000000,0.050000000000
1504985839,4276.970000000000,0.894300000000
1504985842,4276.980000000000,0.000002330000
1504985843,4276.970000000000,0.011300000000
1504985843,4276.860000000000,0.008700000000
1504985851,4275.820000000000,0.010000000000
1504985852,4275.790000000000,0.000002330000
1504985861,4274.850000000000,0.300000000000
1504985861,4274.860000000000,0.060000000000
1504985861,4274.940000000000,0.199997000000
1504985861,4274.940000000000,0.523000000000
1504985861,4274.950000000000,0.311003000000
1504985861,4270.520000000000,0.300000000000
1504985861,4270.500000000000,0.130000000000
1504985861,4270.430000000000,0.200000000000
1504985861,4270.420000000000,2.334870000000
1504985861,4270.300000000000,0.100000000000
1504985861,4270.070000000000,0.100000000000
1504985861,4270.000000000000,1.110000000000
1504985861,4267.880000000000,0.018865460000
1504985861,4267.850000000000,0.030000000000
1504985861,4265.990000000000,0.353300000000
1504985861,4265.970000000000,5.170000000000
1504985861,4265.180000000000,1.000000000000
1504985861,4265.110000000000,0.010000000000
1504985861,4264.900000000000,0.020000000000
1504985861,4262.460000000000,5.540000000000
1504985861,4274.870000000000,0.000002330000
1504985863,4272.000000000000,0.066836310000
1504985863,4272.000000000000,0.043163690000
1504985871,4270.000000000000,0.021888410000
1504985871,4269.960000000000,0.098490640000
1504985871,4269.960000000000,0.001509360000
1504985871,4269.990000000000,0.028111590000
1504985872,4269.990000000000,0.000002330000
1504985872,4269.980000000000,0.086883480000
1504985873,4269.900000000000,0.030000000000
1504985881,4270.000000000000,0.000002330000
1504985891,4270.000000000000,0.000002330000
1504985893,4269.960000000000,0.199998000000
1504985893,4269.960000000000,0.200000000000
1504985893,4270.000000000000,0.147502000000
1504985898,4269.970000000000,0.016439810000
1504985899,4269.960000000000,0.013560190000
1504985901,4269.570000000000,0.000002330000
1504985904,4269.570000000000,0.000011680000
1504985907,4269.560000000000,0.020001000000
1504985907,4269.560000000000,0.020001000000
1504985907,4269.560000000000,0.020001000000
1504985907,4267.310000000000,0.030000000000
1504985907,4264.690000000000,0.514000000000
1504985907,4264.680000000000,0.200000000000
1504985907,4264.670000000000,0.200000000000
1504985907,4262.580000000000,0.370337400000
1504985910,4269.370000000000,0.200000000000
1504985910,4269.370000000000,0.200000000000
1504985910,4269.420000000000,0.201000000000
1504985910,4269.420000000000,0.454800000000
1504985910,4269.430000000000,0.630000000000
1504985910,4270.000000000000,2.076633470000
1504985910,4271.270000000000,0.909688500000
1504985911,4272.310000000000,0.000002330000
1504985913,4269.480000000000,0.200000000000
1504985913,4272.280000000000,0.270300000000
1504985913,4272.290000000000,0.300000000000
1504985913,4273.000000000000,0.233769370000
1504985915,4274.950000000000,0.000233330000
1504985920,4274.670000000000,0.020000000000
1504985920,4274.680000000000,0.010000000000
1504985921,4274.980000000000,0.000002330000
1504985925,4267.990000000000,0.300000000000
1504985925,4267.970000000000,0.200000000000
1504985925,4267.950000000000,0.999000000000
1504985925,4266.680000000000,0.016800000000
1504985926,4274.980000000000,0.010000000000
1504985926,4274.990000000000,0.040949930000
1504985926,4274.990000000000,0.020960160000
1504985927,4274.980000000000,0.010000000000
1504985927,4274.990000000000,0.008089910000
1504985927,4268.110000000000,0.567800000000
1504985927,4268.100000000000,4.752189390000
1504985929,4274.780000000000,0.020002000000
1504985930,4274.650000000000,0.020002000000
1504985931,4274.500000000000,0.000002330000
1504985934,4274.200000000000,0.050000000000
1504985942,4273.640000000000,0.000002330000
1504985946,4273.760000000000,0.562500000000
1504985946,4274.010000000000,0.231000000000
1504985946,4274.990000000000,0.186723210000
1504985951,4274.650000000000,0.000002330000
1504985952,4270.000000000000,0.020000000000
1504985952,4266.990000000000,0.625800000000
1504985952,4266.980000000000,0.200000000000
1504985952,4266.970000000000,0.154200000000
1504985953,4274.400000000000,0.040000000000
1504985957,4265.040000000000,1.080000000000
1504985957,4265.030000000000,0.028900000000
1504985960,4273.830000000000,0.466797330000
1504985961,4273.740000000000,0.000002330000
1504985971,4272.820000000000,0.000002330000
1504985981,4271.660000000000,0.000002330000
1504985981,4271.650000000000,0.233517780000
1504985983,4271.500000000000,1.080000000000
1504985983,4271.500000000000,0.469300000000
1504985983,4271.530000000000,0.200000000000
1504985983,4271.610000000000,0.154200000000
1504985983,4271.650000000000,0.066482220000
1504985983,4271.930000000000,1.820483600000
1504985988,4271.350000000000,0.024546070000
1504985988,4271.350000000000,0.025453930000
1504985989,4271.290000000000,0.290000000000
1504985989,4271.290000000000,0.013275000000
1504985989,4271.300000000000,2.498425000000
1504985991,4271.280000000000,0.000002330000
1504986000,4270.920000000000,0.000233550000
1504986002,4270.870000000000,0.032264030000
1504986002,4271.270000000000,0.000002330000
1504986005,4271.240000000000,0.005838500000
1504986011,4271.270000000000,1.167692780000
1504986012,4271.270000000000,0.000002330000
1504986021,4271.000000000000,0.000002330000
1504986022,4271.000000000000,0.584500000000
1504986030,4271.000000000000,0.025307830000
1504986031,4271.000000000000,0.000002330000
1504986034,4271.000000000000,0.000011670000
1504986042,4271.000000000000,0.000002330000
1504986042,4270.990000000000,0.120000000000
1504986042,4269.770000000000,0.300000000000
1504986042,4265.140000000000,0.200000000000
1504986042,4265.010000000000,0.200000000000
1504986042,4265.000000000000,0.680000000000
1504986051,4269.560000000000,0.000002330000
1504986054,4269.460000000000,1.053600000000
1504986057,4269.860000000000,0.024169980000
1504986057,4269.320000000000,0.045830020000
1504986061,4269.220000000000,0.000002330000
1504986066,4269.220000000000,0.780746500000
1504986069,4269.220000000000,0.580621980000
1504986071,4269.220000000000,0.000002330000
1504986075,4269.220000000000,0.085764280000
1504986081,4269.220000000000,0.000002330000
1504986082,4269.220000000000,0.778793140000
1504986086,4269.220000000000,2.681100000000
1504986091,4269.220000000000,0.000002330000
1504986101,4269.220000000000,0.000002330000
1504986111,4269.220000000000,0.000002330000
1504986118,4269.220000000000,0.734700000000
1504986122,4269.220000000000,0.000002330000
1504986125,4269.220000000000,0.123932910000
1504986132,4269.220000000000,0.000002330000
1504986135,4269.220000000000,0.020000000000
1504986135,4269.220000000000,0.020000000000
1504986142,4269.220000000000,0.000002330000
1504986144,4269.220000000000,0.100836630000
1504986144,4269.220000000000,0.000011680000
1504986150,4269.220000000000,0.518600000000
1504986152,4269.220000000000,0.000002330000
1504986162,4269.220000000000,0.000002330000
1504986172,4269.220000000000,0.000002330000
1504986181,4269.220000000000,0.339800000000
1504986182,4269.220000000000,0.000002330000
1504986185,4269.220000000000,0.049629800000
1504986189,4269.220000000000,0.157361670000
1504986191,4269.220000000000,0.000002330000
1504986201,4269.220000000000,0.000002330000
1504986211,4269.220000000000,0.000002330000
1504986213,4269.220000000000,0.342631340000
1504986213,4269.220000000000,0.010000000000
1504986213,4269.340000000000,0.176168660000
1504986214,4269.330000000000,0.300000000000
1504986214,4269.330000000000,0.320000000000
1504986214,4269.330000000000,0.792900000000
1504986214,4269.330000000000,0.810000000000
1504986214,4269.330000000000,0.926920220000
1504986222,4269.340000000000,0.000002330000
1504986231,4269.340000000000,0.000002330000
1504986235,4269.340000000000,0.013707160000
1504986242,4269.340000000000,0.000233640000
1504986242,4269.340000000000,0.000002330000
1504986245,4269.340000000000,0.449883550000
1504986245,4270.000000000000,0.254216450000
1504986252,4270.000000000000,0.000002330000
1504986253,4270.000000000000,0.745781220000
1504986253,4270.000000000000,1.062059240000
1504986262,4270.000000000000,0.000002330000
1504986264,4270.000000000000,0.000011680000
1504986272,4270.000000000000,0.000002330000
1504986273,4270.000000000000,0.351590360000
1504986276,4269.990000000000,1.072600000000
1504986280,4270.000000000000,0.040000000000
1504986282,4270.000000000000,0.000002330000
1504986284,4270.000000000000,0.043422370000
1504986288,4270.000000000000,2.336080170000
1504986292,4270.000000000000,0.000002330000
1504986302,4270.000000000000,0.000002330000
1504986305,4270.000000000000,0.028320960000
1504986308,4270.000000000000,0.138503570000
1504986308,4275.000000000000,0.573684710000
1504986308,4275.000000000000,0.023528310000
1504986308,4276.050000000000,0.199997670000
1504986308,4276.100000000000,0.200000000000
1504986308,4276.120000000000,0.500000000000
1504986308,4276.980000000000,0.020000000000
1504986308,4277.470000000000,0.010000000000
1504986308,4277.470000000000,0.046000000000
1504986308,4277.470000000000,0.010000000000
1504986308,4277.470000000000,0.010000000000
1504986308,4277.470000000000,0.014000000000
1504986308,4277.500000000000,0.090000000000
1504986308,4278.000000000000,0.253485740000
1504986309,4278.000000000000,0.023317110000
1504986311,4278.000000000000,0.015191100000
1504986311,4278.000000000000,0.000002330000
1504986317,4278.000000000000,0.023317110000
1504986321,4278.000000000000,0.000002330000
1504986324,4278.000000000000,0.010000000000
1504986327,4278.000000000000,0.023317110000
1504986330,4278.000000000000,0.030000000000
1504986331,4278.000000000000,0.000002330000
1504986340,4278.000000000000,0.080989470000
1504986340,4278.000000000000,0.096219020000
1504986340,4278.000000000000,0.067930940000
1504986340,4278.000000000000,0.049669370000
1504986340,4278.000000000000,0.048971520000
1504986340,4278.000000000000,0.042020270000
1504986340,4278.000000000000,0.003795040000
1504986340,4278.000000000000,0.052214400000
1504986340,4278.000000000000,0.052900090000
1504986340,4278.000000000000,0.018583290000
1504986341,4278.000000000000,0.371507180000
1504986341,4279.000000000000,0.020000000000
1504986341,4279.960000000000,0.215392820000
1504986341,4280.000000000000,0.000002330000
1504986351,4280.000000000000,0.000002330000
1504986362,4280.000000000000,0.000002330000
1504986366,4280.000000000000,0.044993010000
1504986366,4280.000000000000,1.000000000000
1504986366,4280.000000000000,1.985151250000
1504986367,4280.000000000000,0.053854390000
1504986372,4280.000000000000,0.000002330000
1504986372,4280.000000000000,1.105300000000
1504986374,4280.000000000000,0.030000000000
1504986380,4280.000000000000,0.010000000000
1504986380,4280.000000000000,5.000000000000
1504986382,4280.000000000000,0.000002330000
1504986384,4280.000000000000,0.000011650000
1504986392,4280.000000000000,0.000002330000
1504986396,4280.000000000000,0.048560600000
1504986398,4280.000000000000,0.030000000000
1504986402,4280.000000000000,0.000002330000
1504986404,4280.000000000000,0.584900000000
1504986406,4280.000000000000,0.023569490000
1504986406,4280.000000000000,0.046430510000
1504986410,4280.000000000000,0.030000000000
1504986412,4280.000000000000,0.000002330000
1504986419,4280.000000000000,0.223506650000
1504986421,4280.000000000000,0.000002330000
1504986425,4280.000000000000,0.030000000000
1504986431,4280.000000000000,0.000002330000
1504986436,4280.000000000000,0.798699150000
1504986436,4280.000000000000,0.010000000000
1504986436,4280.310000000000,0.054300850000
1504986438,4280.300000000000,0.011729000000
1504986441,4280.310000000000,0.051268980000
1504986441,4280.310000000000,0.000002330000
1504986444,4280.310000000000,0.015955590000
1504986444,4280.310000000000,0.044044410000
1504986451,4280.310000000000,0.000002330000
1504986457,4280.310000000000,0.121183560000
1504986461,4280.310000000000,0.000002330000
1504986468,4280.310000000000,0.713239620000
1504986468,4280.350000000000,0.250000000000
1504986468,4281.280000000000,0.500000000000
1504986468,4282.960000000000,0.020000000000
1504986468,4283.960000000000,0.217460380000
1504986469,4284.000000000000,0.036689220000
1504986469,4284.000000000000,0.298413120000
1504986469,4284.000000000000,0.119966030000
1504986470,4284.000000000000,0.018273860000
1504986471,4283.920000000000,0.000002320000
1504986482,4282.420000000000,0.000002320000
1504986491,4282.380000000000,0.000002320000
1504986500,4282.420000000000,0.183152900000
1504986500,4284.000000000000,0.135347100000
1504986501,4284.000000000000,0.000002320000
1504986504,4284.000000000000,0.000011640000
1504986510,4284.000000000000,0.050000000000
1504986511,4284.000000000000,0.000002320000
1504986515,4283.920000000000,0.300000000000
1504986515,4283.990000000000,0.020000000000
1504986518,4283.990000000000,1.366435510000
1504986520,4283.990000000000,0.071363200000
1504986521,4283.950000000000,0.000002320000
1504986532,4283.990000000000,0.000002320000
1504986532,4283.990000000000,0.009997680000
1504986532,4284.000000000000,0.097337810000
1504986532,4284.000000000000,0.070000000000
1504986532,4284.870000000000,0.173301300000
1504986532,4284.880000000000,0.020000000000
1504986532,4284.990000000000,0.100000000000
1504986532,4285.000000000000,0.250000000000
1504986532,4285.000000000000,0.010227740000
1504986532,4285.000000000000,2.832835470000
1504986534,4285.000000000000,0.020001000000
1504986535,4285.000000000000,0.061673360000
1504986538,4285.000000000000,0.020001000000
1504986541,4285.000000000000,0.020001000000
1504986541,4285.000000000000,0.000002320000
1504986544,4285.000000000000,0.020001000000
1504986545,4285.000000000000,0.027252290000
1504986545,4285.000000000000,0.029988670000
1504986546,4285.000000000000,0.012759040000
1504986550,4285.000000000000,0.100000000000
1504986551,4285.000000000000,0.020001000000
1504986551,4285.000000000000,0.000002320000
1504986554,4285.000000000000,0.020001000000
1504986555,4285.000000000000,0.034231270000
1504986561,4285.000000000000,0.000002320000
1504986562,4285.000000000000,3.392152050000
1504986563,4285.000000000000,0.020001000000
1504986564,4285.000000000000,0.712400000000
1504986566,4285.000000000000,0.020001000000
1504986571,4285.000000000000,0.000002320000
1504986572,4285.000000000000,0.020001000000
1504986576,4285.000000000000,0.020001000000
1504986579,4285.000000000000,0.020001000000
1504986581,4285.000000000000,0.010000000000
1504986581,4285.000000000000,0.000002320000
1504986583,4285.000000000000,0.020001000000
1504986590,4285.000000000000,0.020001000000
1504986591,4285.000000000000,0.000002320000
1504986593,4285.000000000000,0.020001000000
1504986597,4285.000000000000,1.229100000000
1504986598,4285.000000000000,0.020001000000
1504986600,4285.000000000000,0.000232790000
1504986602,4285.000000000000,0.000002320000
1504986604,4285.000000000000,0.020001000000
1504986610,4285.000000000000,0.020001000000
1504986611,4285.000000000000,0.000002320000
1504986615,4285.000000000000,0.020001000000
1504986618,4285.000000000000,0.020001000000
1504986620,4285.000000000000,1.177337500000
1504986620,4285.000000000000,1.640000000000
1504986620,4285.000000000000,0.182662500000
1504986621,4285.000000000000,0.020001000000
1504986622,4285.000000000000,0.000002320000
1504986627,4285.000000000000,0.020001000000
1504986627,4285.000000000000,0.277333180000
1504986627,4285.000000000000,0.100000000000
1504986627,4286.730000000000,0.046500000000
1504986627,4287.000000000000,0.200000000000
1504986627,4288.000000000000,0.010000000000
1504986627,4288.550000000000,0.240666820000
1504986630,4288.550000000000,0.020001000000
1504986631,4288.550000000000,0.000002320000
1504986634,4288.550000000000,0.000011620000
1504986638,4288.550000000000,0.020001000000
1504986641,4288.510000000000,0.064585500000
1504986642,4288.430000000000,0.000002320000
1504986643,4288.410000000000,0.065545820000
1504986643,4288.410000000000,0.033631220000
1504986651,4288.550000000000,0.020000000000
1504986651,4288.550000000000,0.000002320000
1504986659,4288.550000000000,0.135972690000
1504986659,4289.000000000000,0.975000000000
1504986659,4289.020000000000,0.250000000000
1504986659,4289.090000000000,0.500000000000
1504986659,4290.000000000000,0.020000000000
1504986659,4290.970000000000,0.084527310000
1504986659,4290.970000000000,1.278565050000
1504986661,4287.370000000000,0.258040830000
1504986662,4289.190000000000,0.000002320000
1504986665,4289.300000000000,0.020001000000
1504986670,4289.300000000000,0.020001000000
1504986672,4289.300000000000,0.000002320000
1504986673,4289.300000000000,0.020001000000
1504986676,4289.300000000000,0.002653110000
1504986678,4289.300000000000,0.142865700000
1504986678,4289.290000000000,0.020001000000
1504986682,4289.080000000000,0.000002320000
1504986684,4289.080000000000,0.020001000000
1504986688,4289.080000000000,0.033767440000
1504986688,4289.080000000000,0.026232560000
1504986689,4289.080000000000,0.020001000000
1504986691,4289.290000000000,0.500000000000
1504986691,4289.990000000000,0.100000000000
1504986691,4290.970000000000,0.043000000000
1504986692,4290.960000000000,0.012890070000
1504986692,4290.960000000000,0.000002320000
1504986693,4290.960000000000,0.020001000000
1504986693,4290.960000000000,0.051570270000
1504986702,4290.970000000000,0.000002320000
1504986712,4290.970000000000,0.000002320000
1504986714,4290.970000000000,0.501016170000
1504986717,4290.970000000000,0.020001000000
1504986722,4290.970000000000,0.000002320000
1504986723,4290.970000000000,0.020002000000
1504986723,4290.970000000000,1.522000000000
1504986724,4290.970000000000,0.020002000000
1504986725,4290.970000000000,0.020002000000
1504986726,4290.970000000000,0.020002000000
1504986727,4290.970000000000,0.020002000000
1504986732,4290.970000000000,0.000002320000
1504986734,4290.970000000000,0.158438340000
1504986742,4290.970000000000,0.000002320000
1504986742,4290.970000000000,2.511372140000
1504986742,4290.970000000000,0.061872720000
1504986742,4291.790000000000,1.413996900000
1504986744,4291.790000000000,0.000011620000
1504986746,4291.790000000000,0.026371450000
1504986747,4291.790000000000,0.033628550000
1504986747,4291.790000000000,0.020001000000
1504986751,4291.780000000000,0.200000000000
1504986751,4291.790000000000,0.020001000000
1504986752,4291.790000000000,0.000002320000
1504986754,4291.790000000000,0.020001000000
1504986755,4291.790000000000,0.136100000000
1504986758,4291.790000000000,0.020001000000
1504986761,4291.790000000000,0.085212140000
1504986761,4291.790000000000,0.044787860000
1504986762,4291.790000000000,0.020001000000
1504986762,4291.790000000000,0.000002320000
1504986764,4291.790000000000,0.020000000000
1504986765,4291.790000000000,0.020001000000
1504986766,4291.790000000000,0.062275660000
1504986767,4291.790000000000,0.700000000000
1504986768,4291.790000000000,0.010000000000
1504986769,4291.790000000000,0.150000000000
1504986769,4291.790000000000,0.020001000000
1504986772,4291.790000000000,0.000002320000
1504986772,4291.790000000000,0.020001000000
1504986774,4291.790000000000,14.200000000000
1504986774,4291.790000000000,0.150000000000
1504986775,4291.790000000000,0.536135520000
1504986776,4291.790000000000,0.020001000000
1504986776,4291.790000000000,2.229052080000
1504986776,4291.790000000000,0.020954940000
1504986776,4291.790000000000,0.001457320000
1504986777,4291.810000000000,17.200000000000
1504986778,4291.810000000000,0.943341060000
1504986778,4291.810000000000,0.586094680000
1504986780,4291.810000000000,0.372019510000
1504986780,4291.810000000000,0.366208660000
1504986781,4291.810000000000,2.000000000000
1504986781,4291.810000000000,0.000002320000
1504986782,4291.810000000000,13.331075670000
1504986782,4291.810000000000,0.957600000000
1504986782,4291.810000000000,7.158714070000
1504986783,4292.160000000000,0.015170000000
1504986783,4292.470000000000,0.004731000000
1504986786,4292.470000000000,0.015169000000
1504986786,4292.610000000000,0.004732000000
1504986787,4292.610000000000,0.015168000000
1504986787,4292.660000000000,0.042000000000
1504986787,4292.900000000000,0.019900000000
1504986787,4293.970000000000,0.019900000000
1504986787,4294.360000000000,1.031471500000
1504986787,4295.000000000000,0.250000000000
1504986787,4295.000000000000,0.233000000000
1504986787,4296.370000000000,0.019900000000
1504986787,4296.490000000000,0.019900000000
1504986787,4296.910000000000,0.010000000000
1504986787,4297.250000000000,0.010000000000
1504986787,4297.460000000000,0.019900000000
1504986787,4298.930000000000,0.019900000000
1504986787,4299.360000000000,0.012211120000
1504986787,4299.890000000000,0.020000000000
1504986787,4300.000000000000,0.050577070000
1504986787,4300.000000000000,0.299772310000
1504986789,4300.000000000000,0.020001000000
1504986789,4300.000000000000,0.061587890000
1504986791,4300.000000000000,0.000002310000
1504986791,4300.000000000000,0.695519480000
1504986792,4300.000000000000,0.034367790000
1504986792,4300.000000000000,0.030000000000
1504986793,4300.000000000000,0.268749220000
1504986793,4300.000000000000,0.141398770000
1504986793,4300.000000000000,0.345647500000
1504986794,4300.000000000000,0.020001000000
1504986797,4300.000000000000,0.020001000000
1504986798,4300.000000000000,0.000011590000
1504986801,4300.000000000000,0.000002310000
1504986801,4300.000000000000,0.039553770000
1504986803,4300.000000000000,0.020001000000
1504986804,4300.000000000000,0.090000000000
1504986806,4300.000000000000,0.000018550000
1504986808,4300.000000000000,0.020001000000
1504986808,4300.000000000000,0.296821200000
1504986808,4300.000000000000,0.068954870000
1504986810,4300.000000000000,0.000812530000
1504986810,4300.000000000000,0.144912660000
1504986811,4300.000000000000,0.000002310000
1504986812,4300.000000000000,0.020001000000
1504986813,4300.000000000000,0.029319270000
1504986814,4300.000000000000,0.235142790000
1504986814,4300.000000000000,0.045366920000
1504986815,4300.000000000000,0.020001000000
1504986815,4300.000000000000,0.150000000000
1504986816,4300.000000000000,0.010000000000
1504986818,4300.000000000000,0.060000000000
1504986818,4300.000000000000,0.020001000000
1504986819,4300.000000000000,0.065253050000
1504986819,4300.000000000000,0.010000000000
1504986819,4300.000000000000,0.025000000000
1504986819,4300.000000000000,0.500000000000
1504986819,4300.000000000000,0.200000000000
1504986819,4300.000000000000,0.581546950000
1504986821,4300.000000000000,0.000002310000
1504986821,4300.000000000000,0.020001000000
1504986825,4300.000000000000,0.933099040000
1504986825,4300.000000000000,0.031872450000
1504986825,4300.000000000000,0.020001000000
1504986829,4300.000000000000,0.020001000000
1504986831,4300.000000000000,0.000002310000
1504986832,4300.000000000000,0.020001000000
1504986833,4300.000000000000,0.020950060000
1504986833,4300.000000000000,0.022847640000
1504986833,4300.000000000000,0.465160530000
1504986833,4300.000000000000,10.000000000000
1504986833,4300.000000000000,0.025000000000
1504986833,4300.000000000000,0.200000000000
1504986833,4300.110000000000,0.018650880000
1504986833,4301.080000000000,0.023136010000
1504986833,4301.400000000000,0.019900000000
1504986833,4302.050000000000,0.009765830000
1504986833,4302.770000000000,0.017000000000
1504986833,4303.050000000000,0.010000000000
1504986833,4304.050000000000,0.010000000000
1504986833,4304.050000000000,0.010000000000
1504986833,4304.150000000000,0.019900000000
1504986833,4304.430000000000,0.012196740000
1504986833,4305.000000000000,0.018101420000
1504986834,4305.000000000000,0.092683500000
1504986836,4305.000000000000,0.011651000000
1504986840,4305.000000000000,0.011651000000
1504986842,4305.000000000000,0.000002310000
1504986843,4305.000000000000,0.011651000000
1504986846,4305.000000000000,0.011651000000
1504986846,4305.000000000000,1.027442770000
1504986846,4305.330000000000,0.011645140000
1504986846,4307.270000000000,0.019900000000
1504986846,4308.060000000000,0.010000000000
1504986846,4308.380000000000,0.010000000000
1504986846,4309.000000000000,0.169000000000
1504986846,4309.500000000000,1.417352130000
1504986846,4309.500000000000,0.012182390000
1504986846,4309.500000000000,0.250000000000
1504986846,4309.770000000000,0.010000000000
1504986846,4309.980000000000,2.305945360000
1504986850,4309.490000000000,0.300000000000
1504986850,4309.490000000000,0.320000000000
1504986850,4309.490000000000,0.238000000000
1504986850,4309.490000000000,0.010000000000
1504986850,4309.940000000000,1.161500000000
1504986852,4309.980000000000,0.277729240000
1504986852,4309.980000000000,0.000002310000
1504986854,4309.980000000000,0.040000000000
1504986862,4309.980000000000,0.000002310000
1504986864,4309.980000000000,0.000011570000
1504986867,4309.980000000000,0.010000000000
1504986872,4309.980000000000,0.000002310000
1504986872,4309.980000000000,0.069432310000
1504986877,4309.980000000000,0.020000000000
1504986882,4309.980000000000,0.000002310000
1504986882,4309.980000000000,0.466200000000
1504986882,4309.970000000000,0.020000000000
1504986882,4309.970000000000,0.020000000000
1504986888,4309.970000000000,1.119891890000
1504986889,4309.980000000000,0.060000000000
1504986892,4309.980000000000,0.000002310000
1504986897,4309.980000000000,1.300000000000
1504986902,4309.980000000000,0.000002310000
1504986903,4309.970000000000,0.012830650000
1504986904,4309.980000000000,0.090000000000
1504986907,4309.970000000000,0.850000000000
1504986909,4309.980000000000,0.031377140000
1504986911,4309.980000000000,0.000002310000
1504986912,4309.980000000000,0.325882860000
1504986914,4309.970000000000,3.071600000000
1504986914,4309.970000000000,1.078400000000
1504986914,4309.970000000000,0.080000000000
1504986914,4309.970000000000,0.750000000000
1504986914,4309.970000000000,0.320652080000
1504986921,4309.980000000000,0.000002310000
1504986929,4309.970000000000,0.011400000000
1504986929,4309.970000000000,0.958200000000
1504986931,4309.980000000000,0.000002310000
1504986932,4309.980000000000,0.060000000000
1504986937,4309.980000000000,1.590071660000
1504986939,4309.980000000000,0.100000000000
1504986941,4309.980000000000,0.000002310000
1504986943,4309.980000000000,0.321065200000
1504986944,4309.970000000000,0.264689980000
1504986945,4309.980000000000,0.641700000000
1504986951,4309.980000000000,0.000002310000
1504986953,4309.970000000000,0.063062440000
1504986953,4309.930000000000,0.010000000000
1504986953,4309.010000000000,0.155817520000
1504986954,4309.000000000000,1.000000000000
1504986954,4309.000000000000,0.250000000000
1504986954,4309.000000000000,0.230000000000
1504986954,4305.510000000000,0.118000000000
1504986955,4305.510000000000,0.410000000000
1504986955,4305.500000000000,0.074345280000
1504986955,4305.500000000000,1.907321170000
1504986956,4305.510000000000,0.000002310000
1504986961,4301.810000000000,0.019100000000
1504986962,4301.010000000000,0.000002310000
1504986972,4301.010000000000,0.000002310000
1504986973,4301.010000000000,0.010000000000
1504986978,4301.010000000000,0.151800000000
1504986982,4301.010000000000,0.000002310000
1504986984,4301.010000000000,0.000011590000
1504986992,4301.010000000000,0.000002310000
1504986997,4301.010000000000,1.647612410000
1504986998,4301.010000000000,0.094915550000
1504986998,4301.010000000000,0.173466950000
1504987002,4301.010000000000,0.000002310000
1504987005,4301.000000000000,0.013000000000
1504987009,4301.010000000000,0.496800000000
1504987011,4301.010000000000,0.011383270000
1504987011,4301.010000000000,0.048616730000
1504987012,4301.010000000000,0.000002310000
1504987022,4301.010000000000,0.000002310000
1504987029,4301.010000000000,0.020001000000
1504987031,4301.010000000000,0.000002310000
1504987034,4301.000000000000,0.010000000000
1504987041,4301.000000000000,0.027000000000
1504987041,4301.000000000000,0.010000000000
1504987041,4301.000000000000,0.588200000000
1504987041,4301.010000000000,0.000002310000
1504987048,4301.010000000000,0.129872990000
1504987051,4301.010000000000,0.000002310000
1504987052,4301.010000000000,0.020001000000
1504987055,4301.010000000000,0.020001000000
1504987057,4301.010000000000,0.010000000000
1504987061,4301.010000000000,0.000002310000
1504987067,4301.010000000000,0.020001000000
1504987071,4301.010000000000,0.020001000000
1504987071,4301.010000000000,0.000002310000
1504987073,4301.010000000000,1.373600000000
1504987074,4301.010000000000,0.020001000000
1504987082,4301.010000000000,0.000002310000
1504987090,4301.010000000000,0.020000000000
1504987090,4301.010000000000,0.019997690000
1504987090,4301.010000000000,0.000002310000
1504987091,4301.010000000000,0.000002310000
1504987102,4301.010000000000,0.000002310000
1504987104,4301.010000000000,0.000011590000
1504987105,4301.000000000000,0.411800000000
1504987105,4301.000000000000,0.164400000000
1504987105,4301.010000000000,0.050000000000
1504987105,4301.000000000000,0.020000000000
1504987105,4301.000000000000,0.020000000000
1504987110,4301.010000000000,0.053147340000
1504987111,4301.010000000000,0.000002310000
1504987113,4301.010000000000,0.114653420000
1504987113,4301.010000000000,0.100000000000
1504987113,4301.010000000000,0.025000000000
1504987113,4301.010000000000,0.189952750000
1504987114,4301.010000000000,0.010000000000
1504987114,4301.010000000000,0.040648120000
1504987116,4301.010000000000,0.003159490000
1504987116,4301.010000000000,0.080000000000
1504987116,4301.010000000000,0.030000000000
1504987116,4301.010000000000,2.609319990000
1504987118,4301.000000000000,4.795600000000
1504987118,4301.000000000000,0.447867790000
1504987119,4301.010000000000,0.020000000000
1504987122,4301.010000000000,0.000002310000
1504987129,4301.010000000000,1.732829410000
1504987129,4301.010000000000,0.046683730000
1504987130,4301.010000000000,0.667030880000
1504987131,4301.010000000000,0.302561170000
1504987131,4301.010000000000,0.000002310000
1504987132,4301.010000000000,0.018821800000
1504987132,4301.010000000000,0.075000000000
1504987136,4301.000000000000,3.552132210000
1504987136,4300.990000000000,0.010000000000
1504987136,4300.000000000000,0.100000000000
1504987136,4300.000000000000,0.010000000000
1504987136,4300.000000000000,0.300000000000
1504987136,4299.000000000000,0.010000000000
1504987136,4298.000000000000,0.010000000000
1504987136,4296.000000000000,0.010000000000
1504987136,4294.230000000000,0.486718310000
1504987136,4294.230000000000,0.100000000000
1504987137,4300.960000000000,0.118000000000
1504987137,4300.960000000000,0.119600000000
1504987142,4296.870000000000,0.000232140000
1504987142,4296.840000000000,0.000002320000
1504987145,4295.740000000000,0.512436320000
1504987145,4295.720000000000,0.062489090000
1504987146,4295.630000000000,0.191457070000
1504987146,4295.620000000000,0.427173010000
1504987152,4294.340000000000,0.000002320000
1504987153,4294.340000000000,0.115944520000
1504987153,4294.340000000000,0.996715220000
1504987154,4294.340000000000,0.022443330000
1504987155,4294.400000000000,0.066000000000
1504987158,4299.930000000000,0.299104400000
1504987158,4296.370000000000,0.088662940000
1504987158,4296.370000000000,0.117223610000
1504987158,4299.930000000000,0.000895600000
1504987159,4296.360000000000,0.017154210000
1504987160,4296.180000000000,0.121419040000
1504987162,4296.400000000000,0.000002320000
1504987163,4296.280000000000,0.047212930000
1504987164,4296.490000000000,0.090244460000
1504987164,4296.490000000000,0.063845960000
1504987164,4296.490000000000,0.017009580000
1504987164,4296.500000000000,0.046708560000
1504987164,4296.500000000000,0.017701930000
1504987166,4295.890000000000,0.152369870000
1504987169,4295.110000000000,1.509900000000
1504987172,4295.700000000000,0.123543550000
1504987172,4295.690000000000,0.000002320000
1504987172,4295.900000000000,0.038928910000
1504987172,4295.900000000000,0.408647190000
1504987172,4295.700000000000,0.088141330000
1504987173,4295.010000000000,0.060000000000
1504987182,4295.010000000000,0.000002320000
1504987188,4295.000000000000,0.100000000000
1504987192,4294.310000000000,0.117613120000
1504987192,4294.310000000000,0.000002320000
1504987193,4294.300000000000,0.218158900000
1504987193,4294.000000000000,0.019055280000
1504987193,4292.470000000000,0.020000000000
1504987193,4291.780000000000,0.020001000000
1504987193,4291.780000000000,0.058000000000
1504987193,4291.010000000000,0.120614000000
1504987195,4291.040000000000,0.229399450000
1504987196,4291.040000000000,0.164511640000
1504987196,4291.040000000000,0.267225310000
1504987200,4295.890000000000,0.000232200000
1504987201,4295.880000000000,0.527000000000
1504987201,4295.900000000000,0.065876290000
1504987201,4291.900000000000,0.024123710000
1504987202,4293.240000000000,0.000002320000
1504987202,4293.180000000000,0.010000000000
1504987202,4293.240000000000,0.009997680000
1504987207,4295.900000000000,0.100000000000
1504987211,4295.800000000000,0.000002320000
1504987211,4295.790000000000,0.296798410000
1504987222,4293.250000000000,0.000002320000
1504987231,4293.250000000000,0.000002320000
1504987231,4293.250000000000,0.050000000000
1504987233,4293.250000000000,0.411295360000
1504987233,4293.250000000000,2.486204640000
1504987233,4293.250000000000,2.511701970000
1504987233,4293.250000000000,0.034721730000
1504987234,4293.250000000000,0.976512270000
1504987234,4293.250000000000,0.183984460000
1504987237,4293.250000000000,0.087774500000
1504987240,4293.250000000000,0.499562910000
1504987241,4293.250000000000,0.000002320000
1504987250,4293.250000000000,0.000011610000
1504987251,4293.250000000000,0.000002320000
1504987257,4293.250000000000,0.673794460000
1504987261,4293.250000000000,0.024763850000
1504987262,4293.250000000000,0.000002320000
1504987264,4293.250000000000,0.179600000000
1504987272,4293.250000000000,0.000002320000
1504987272,4293.240000000000,0.164112660000
1504987272,4293.250000000000,0.873427270000
1504987273,4293.250000000000,0.077772510000
1504987281,4293.250000000000,0.499299150000
1504987281,4293.250000000000,0.010000000000
1504987281,4293.250000000000,1.052600000000
1504987281,4293.250000000000,0.302101720000
1504987281,4293.250000000000,0.812758250000
1504987282,4293.250000000000,0.000002320000
1504987292,4293.250000000000,0.000002320000
1504987296,4293.250000000000,1.020700000000
1504987300,4293.240000000000,0.122499940000
1504987300,4293.240000000000,0.010000000000
1504987300,4293.240000000000,0.025000000000
1504987300,4293.000000000000,0.010000000000
1504987300,4291.900000000000,0.010000000000
1504987300,4291.000000000000,0.050000000000
1504987300,4291.000000000000,0.050500060000
1504987302,4291.010000000000,0.000002320000
1504987312,4291.010000000000,0.000002320000
1504987321,4291.010000000000,0.000002320000
1504987324,4291.010000000000,0.215329510000
1504987328,4291.010000000000,0.426500000000
1504987331,4291.010000000000,0.000002320000
1504987341,4291.010000000000,0.000002320000
1504987345,4291.010000000000,0.000011620000
1504987349,4291.010000000000,0.020000000000
1504987349,4291.010000000000,0.020000000000
1504987351,4291.010000000000,0.000002320000
1504987359,4291.010000000000,0.418137950000
1504987359,4291.010000000000,0.049000000000
1504987359,4291.010000000000,0.100000000000
1504987359,4291.010000000000,0.010000000000
1504987359,4291.010000000000,0.047962050000
1504987361,4291.010000000000,0.000002320000
1504987369,4291.000000000000,0.100000000000
1504987371,4291.010000000000,0.000002320000
1504987382,4291.010000000000,0.000002320000
1504987391,4291.010000000000,0.919441850000
1504987391,4291.010000000000,0.806258150000
1504987392,4291.010000000000,0.000002320000
1504987402,4291.010000000000,0.000002320000
1504987412,4291.010000000000,0.000002320000
1504987416,4291.010000000000,0.813500000000
1504987419,4291.010000000000,1.252965210000
1504987420,4291.010000000000,0.078916340000
1504987422,4291.010000000000,0.156530640000
1504987422,4291.010000000000,0.000002320000
1504987423,4291.010000000000,0.854543880000
1504987423,4291.910000000000,0.504700000000
1504987423,4294.990000000000,0.120382000000
1504987423,4295.000000000000,0.462374120000
1504987430,4295.000000000000,0.170596750000
1504987432,4295.000000000000,0.000002320000
1504987442,4295.000000000000,0.000002320000
1504987446,4295.000000000000,0.210287910000
1504987446,4295.000000000000,0.010000000000
1504987448,4295.000000000000,0.200706020000
1504987451,4295.000000000000,0.000002320000
1504987452,4295.000000000000,0.126028240000
1504987452,4296.360000000000,0.030721850000
1504987454,4296.360000000000,0.500000000000
1504987454,4296.500000000000,0.180300000000
1504987455,4296.500000000000,0.051346160000
1504987455,4296.500000000000,0.012799930000
1504987455,4296.500000000000,0.015853910000
1504987455,4296.420000000000,0.218741520000
1504987461,4296.420000000000,0.000002320000
1504987465,4296.420000000000,0.000011600000
1504987471,4296.500000000000,0.000002320000
1504987475,4296.500000000000,0.497267600000
1504987482,4296.500000000000,0.000002320000
1504987486,4296.500000000000,0.214400000000
1504987491,4296.560000000000,0.000002320000
1504987497,4296.560000000000,0.215341610000
1504987499,4296.580000000000,0.129353600000
1504987501,4296.580000000000,0.000002320000
1504987511,4296.620000000000,0.000002320000
1504987513,4297.220000000000,0.020001000000
1504987516,4297.220000000000,0.020001000000
1504987518,4297.220000000000,2.438500000000
1504987519,4297.310000000000,0.020001000000
1504987521,4297.310000000000,0.000002320000
1504987529,4297.310000000000,0.049604560000
1504987530,4297.420000000000,0.071993650000
1504987531,4297.420000000000,0.019566180000
1504987531,4297.420000000000,0.000002320000
1504987541,4297.420000000000,0.000002320000
1504987546,4297.420000000000,1.530429180000
1504987546,4297.420000000000,1.279333800000
1504987549,4297.420000000000,0.501400000000
1504987551,4297.420000000000,0.000002320000
1504987562,4297.580000000000,0.000002320000
1504987572,4300.000000000000,0.000002310000
1504987581,4299.990000000000,0.563600000000
1504987581,4300.000000000000,0.030000000000
1504987581,4300.000000000000,0.000002310000
1504987584,4300.000000000000,0.200677370000
1504987585,4300.000000000000,0.000011590000
1504987591,4300.000000000000,0.000002310000
1504987593,4300.000000000000,0.010517370000
1504987596,4300.000000000000,0.016440110000
1504987598,4300.000000000000,0.050000000000
1504987601,4300.000000000000,0.000002310000
1504987603,4300.000000000000,0.082344320000
1504987603,4300.000000000000,0.020000000000
1504987603,4301.000000000000,0.010000000000
1504987603,4301.000000000000,0.097249440000
1504987603,4301.000000000000,0.090000000000
1504987609,4301.000000000000,0.236241160000
1504987611,4301.000000000000,0.000002310000
1504987611,4301.000000000000,0.576507090000
1504987611,4301.000000000000,2.191608650000
1504987612,4301.000000000000,0.358100000000
1504987622,4301.000000000000,0.000002310000
1504987624,4301.000000000000,0.437570090000
1504987627,4301.000000000000,0.190376850000
1504987632,4301.000000000000,0.000002310000
1504987633,4301.000000000000,0.020000000000
1504987633,4301.000000000000,0.193807880000
1504987638,4301.000000000000,0.366873230000
1504987639,4301.000000000000,0.380000000000
1504987642,4301.000000000000,0.000002310000
1504987644,4300.990000000000,0.300000000000
1504987644,4300.990000000000,0.075600000000
1504987652,4301.000000000000,0.000002310000
1504987654,4301.000000000000,0.231924250000
1504987660,4301.000000000000,0.249729810000
1504987660,4301.000000000000,0.520000000000
1504987660,4301.010000000000,3.648486080000
1504987662,4301.010000000000,0.000002310000
1504987672,4301.010000000000,0.000002310000
1504987676,4301.010000000000,0.010000000000
1504987676,4301.010000000000,1.009400000000
1504987681,4301.000000000000,0.241118000000
1504987681,4301.000000000000,0.020022000000
1504987682,4301.010000000000,0.000002310000
1504987688,4301.000000000000,0.116236380000
1504987688,4301.000000000000,0.144773620000
1504987691,4301.000000000000,0.261010000000
1504987691,4301.010000000000,0.000002310000
1504987694,4301.000000000000,0.261010000000
1504987697,4301.000000000000,0.261010000000
1504987700,4301.000000000000,0.124796380000
1504987700,4301.000000000000,0.038104010000
1504987700,4301.000000000000,0.098109610000
1504987702,4301.010000000000,0.000002310000
1504987702,4301.010000000000,0.020180390000
1504987704,4300.990000000000,0.261140000000
1504987704,4301.000000000000,0.000011590000
1504987704,4301.000000000000,0.089455500000
1504987707,4301.000000000000,0.190532910000
1504987707,4301.010000000000,1.175867090000
1504987711,4301.000000000000,0.000002310000
1504987719,4301.000000000000,0.139997690000
1504987719,4301.000000000000,0.723867980000
1504987721,4301.000000000000,0.000002310000
1504987731,4301.000000000000,0.000002310000
1504987735,4301.000000000000,0.020000000000
1504987737,4301.000000000000,0.016877380000
1504987739,4301.000000000000,0.198300000000
1504987741,4301.000000000000,0.030000000000
1504987742,4301.000000000000,0.000002310000
1504987742,4301.000000000000,0.010947710000
1504987742,4301.000000000000,0.039052290000
1504987752,4301.000000000000,0.000002310000
1504987759,4301.000000000000,0.030945400000
1504987759,4301.000000000000,0.020000000000
1504987762,4301.010000000000,0.000002310000
1504987768,4301.010000000000,0.120000000000
1504987771,4301.010000000000,0.961700000000
1504987772,4301.010000000000,0.000002310000
1504987779,4301.010000000000,0.010000000000
1504987782,4301.010000000000,0.000002310000
1504987791,4301.010000000000,0.020000000000
1504987792,4301.010000000000,0.000002310000
1504987801,4301.010000000000,0.000231920000
1504987802,4301.010000000000,0.036296060000
1504987802,4301.010000000000,0.000002310000
1504987803,4301.010000000000,0.513800000000
1504987804,4301.010000000000,0.040000000000
1504987811,4301.010000000000,0.000002310000
1504987813,4301.010000000000,0.100000000000
1504987822,4301.010000000000,0.000002310000
1504987831,4301.010000000000,0.000002310000
1504987834,4301.010000000000,0.000011590000
1504987834,4301.010000000000,0.665000000000
1504987836,4301.010000000000,0.060000000000
1504987841,4301.010000000000,0.000002310000
1504987848,4301.010000000000,0.030000000000
1504987851,4301.010000000000,0.000002310000
1504987854,4301.010000000000,0.019707940000
1504987854,4301.010000000000,0.030292060000
1504987857,4301.010000000000,0.100000000000
1504987860,4301.010000000000,4.638474370000
1504987862,4301.010000000000,0.000002310000
1504987865,4301.000000000000,0.449054600000
1504987865,4301.000000000000,1.159871490000
1504987866,4301.010000000000,0.267100000000
1504987872,4301.010000000000,0.000002310000
1504987882,4301.010000000000,0.000002310000
1504987892,4301.010000000000,0.000002310000
1504987898,4301.010000000000,2.161700000000
1504987902,4301.010000000000,0.000002310000
1504987912,4301.010000000000,0.000002310000
1504987922,4301.010000000000,0.000002310000
1504987924,4301.010000000000,0.010000000000
1504987926,4301.010000000000,0.029636900000
1504987930,4301.010000000000,2.490400000000
1504987930,4301.010000000000,1.482064460000
1504987930,4301.000000000000,0.031067120000
1504987932,4301.010000000000,0.000002310000
1504987935,4301.010000000000,0.224936350000
1504987942,4301.010000000000,0.000002310000
1504987944,4301.010000000000,0.000011590000
1504987949,4301.010000000000,0.030000000000
1504987951,4301.010000000000,0.000002310000
1504987959,4301.000000000000,0.200000000000
1504987962,4301.010000000000,0.094645450000
1504987962,4301.010000000000,0.988554550000
1504987962,4301.010000000000,0.000002310000
1504987971,4301.010000000000,0.000002310000
1504987972,4301.010000000000,0.030000000000
1504987978,4301.010000000000,0.115961850000
1504987982,4301.010000000000,0.000002310000
1504987983,4301.010000000000,0.038499330000
1504987991,4301.010000000000,0.000002310000
1504987993,4301.000000000000,3.588378730000
1504987993,4301.000000000000,0.914282340000
1504987993,4301.000000000000,1.080000000000
1504987993,4301.000000000000,0.010000000000
1504987993,4301.000000000000,0.010000000000
1504987993,4301.000000000000,0.116252030000
1504987993,4301.000000000000,0.247058820000
1504987993,4301.000000000000,0.058126020000
1504987993,4300.600000000000,0.606602060000
1504987994,4300.600000000000,0.020000000000
1504987994,4300.600000000000,0.020000000000
1504988001,4300.610000000000,0.000002310000
1504988003,4300.610000000000,0.010000000000
1504988011,4300.610000000000,0.000002310000
1504988021,4300.610000000000,0.000002310000
1504988024,4300.610000000000,0.249900000000
1504988031,4300.610000000000,0.000002310000
1504988041,4300.610000000000,0.000231940000
1504988042,4300.610000000000,0.000002310000
1504988047,4300.610000000000,0.020000000000
1504988047,4300.610000000000,0.020000000000
1504988048,4300.610000000000,0.019763440000
1504988048,4300.610000000000,0.060236560000
1504988051,4300.610000000000,0.000002310000
1504988052,4300.610000000000,0.019761130000
1504988052,4300.610000000000,0.010000000000
1504988052,4300.610000000000,0.060238870000
1504988056,4300.610000000000,0.273400000000
1504988061,4300.610000000000,0.000002310000
1504988063,4300.610000000000,0.000011590000
1504988068,4300.610000000000,0.020000000000
1504988071,4300.610000000000,0.000002310000
1504988082,4300.610000000000,0.000002310000
1504988086,4300.610000000000,0.258036810000
1504988087,4300.610000000000,0.409700000000
1504988092,4300.610000000000,0.000002310000
1504988099,4300.610000000000,1.200247860000
1504988099,4300.600000000000,2.127840250000
1504988099,4300.600000000000,0.010000000000
1504988099,4300.600000000000,0.010000000000
1504988099,4300.600000000000,1.280727640000
1504988099,4300.610000000000,0.141892190000
1504988102,4300.600000000000,0.570856410000
1504988102,4300.610000000000,0.000002310000
1504988105,4300.610000000000,0.010000000000
1504988111,4300.610000000000,0.000002310000
1504988117,4300.610000000000,0.266719700000
1504988119,4300.610000000000,0.359739120000
1504988119,4300.610000000000,0.130000000000
1504988119,4300.610000000000,0.019055280000
1504988119,4300.610000000000,0.050000000000
1504988119,4300.660000000000,0.010000000000
1504988119,4300.990000000000,0.700705600000
1504988119,4300.600000000000,0.010000000000
1504988120,4300.980000000000,0.070000000000
1504988120,4300.980000000000,0.020000000000
1504988120,4300.990000000000,0.631195040000
1504988121,4300.970000000000,0.000002310000
1504988126,4301.000000000000,0.679071460000
1504988130,4301.010000000000,0.093000000000
1504988130,4301.010000000000,0.010000000000
1504988130,4301.010000000000,0.012961850000
1504988131,4301.010000000000,0.000002310000
1504988141,4301.010000000000,0.000002310000
1504988151,4301.010000000000,0.000002310000
1504988151,4301.000000000000,0.010000000000
1504988151,4300.600000000000,0.010000000000
1504988151,4300.590000000000,0.010000000000
1504988151,4300.100000000000,0.015000000000
1504988151,4300.010000000000,0.170500000000
1504988152,4300.450000000000,0.005488020000
1504988162,4300.020000000000,0.000002310000
1504988163,4300.010000000000,0.010000000000
1504988163,4300.000000000000,0.010000000000
1504988163,4300.000000000000,0.020000000000
1504988164,4300.000000000000,1.980000000000
1504988164,4300.000000000000,0.120000000000
1504988165,4300.010000000000,0.097001830000
1504988165,4300.010000000000,0.474498170000
1504988165,4300.010000000000,0.030000000000
1504988165,4300.010000000000,0.058696290000
1504988172,4300.020000000000,0.000002310000
1504988176,4300.010000000000,0.035750070000
1504988176,4300.010000000000,0.010000000000
1504988182,4300.010000000000,0.000002310000
1504988183,4300.010000000000,0.004247620000
1504988183,4300.010000000000,0.005752380000
1504988183,4300.010000000000,0.024247620000
1504988183,4300.010000000000,0.010000000000
1504988183,4300.010000000000,0.298352380000
1504988184,4300.010000000000,0.000011590000
1504988187,4300.000000000000,0.685600000000
1504988187,4300.000000000000,0.010961940000
1504988190,4300.010000000000,0.030000000000
1504988192,4300.010000000000,0.000002310000
1504988198,4300.000000000000,0.132645740000
1504988200,4300.010000000000,0.048569140000
1504988200,4300.010000000000,0.045546280000
1504988200,4300.010000000000,0.010000000000
1504988202,4300.010000000000,0.000002310000
1504988211,4300.010000000000,0.020000000000
1504988212,4300.010000000000,0.000002310000
1504988215,4300.010000000000,0.285400000000
1504988216,4300.010000000000,0.031012760000
1504988216,4300.010000000000,0.038701820000
1504988216,4300.010000000000,0.020285420000
1504988218,4300.010000000000,0.476813830000
1504988221,4300.010000000000,0.000002310000
1504988227,4300.010000000000,0.010000000000
1504988231,4300.010000000000,0.416017180000
1504988231,4300.010000000000,0.000002310000
1504988236,4300.010000000000,0.030000000000
1504988238,4300.010000000000,0.016823700000
1504988239,4300.010000000000,0.060000000000
1504988239,4300.010000000000,0.023507450000
1504988241,4300.010000000000,0.000002310000
1504988244,4300.010000000000,0.018497020000
1504988244,4300.010000000000,0.011502980000
1504988245,4300.010000000000,0.105814650000
1504988245,4300.010000000000,0.358140650000
1504988245,4300.010000000000,0.060000000000
1504988246,4300.010000000000,0.059759350000
1504988246,4300.010000000000,0.469940650000
1504988247,4300.010000000000,0.025970030000
1504988251,4300.010000000000,0.040000000000
1504988251,4300.010000000000,0.000002310000
1504988252,4300.010000000000,0.010000000000
1504988254,4300.010000000000,0.030000000000
1504988259,4300.010000000000,0.020000000000
1504988261,4300.010000000000,0.000002310000
1504988265,4300.010000000000,0.056958670000
1504988265,4300.010000000000,0.039263630000
1504988265,4300.010000000000,0.058112630000
1504988265,4300.010000000000,0.036471220000
1504988265,4300.010000000000,0.050000000000
1504988265,4300.010000000000,0.049193850000
1504988271,4300.010000000000,0.000002310000
1504988278,4300.010000000000,0.184500000000
1504988282,4300.010000000000,0.000002310000
1504988292,4300.010000000000,0.000002310000
1504988302,4300.010000000000,0.000002310000
1504988304,4300.010000000000,0.000011590000
1504988308,4300.010000000000,0.090000000000
1504988310,4300.010000000000,0.122700000000
1504988312,4300.010000000000,0.000002310000
1504988318,4300.000000000000,0.010000000000
1504988322,4300.010000000000,0.000002310000
1504988332,4300.010000000000,0.000002310000
1504988341,4300.010000000000,0.040435540000
1504988341,4300.010000000000,0.320000000000
1504988341,4300.010000000000,0.015812730000
1504988341,4300.010000000000,1.917787270000
1504988341,4300.010000000000,0.000002310000
1504988351,4300.010000000000,0.030000000000
1504988351,4300.010000000000,0.000002310000
1504988361,4300.010000000000,0.000002310000
1504988371,4300.010000000000,0.000002310000
1504988373,4300.010000000000,0.333300000000
1504988381,4300.010000000000,0.000002310000
1504988384,4300.000000000000,0.016391350000
1504988388,4300.010000000000,0.736139720000
1504988388,4300.010000000000,0.028284450000
1504988391,4300.010000000000,0.000002310000
1504988396,4300.010000000000,0.017701550000
1504988396,4300.010000000000,0.021787290000
1504988400,4300.010000000000,0.000231970000
1504988402,4300.010000000000,0.000002310000
1504988402,4300.000000000000,0.086338700000
1504988403,4300.010000000000,0.070000000000
1504988404,4300.000000000000,0.092700000000
1504988405,4300.010000000000,0.940600000000
1504988412,4300.010000000000,0.000002310000
1504988417,4300.010000000000,0.040000000000
1504988420,4300.010000000000,0.040000000000
1504988422,4300.010000000000,0.000002310000
1504988426,4300.010000000000,0.020000000000
1504988430,4300.010000000000,0.010000000000
1504988431,4300.010000000000,0.070000000000
1504988432,4300.010000000000,0.000002310000
1504988434,4300.010000000000,0.000011590000
1504988436,4300.010000000000,1.917900000000
1504988442,4300.010000000000,0.000002310000
1504988445,4300.000000000000,0.016391360000
1504988452,4300.010000000000,0.000002310000
1504988457,4300.010000000000,0.023197620000
1504988462,4300.010000000000,0.000002310000
1504988466,4300.000000000000,0.016510030000
1504988468,4300.010000000000,0.104800000000
1504988468,4300.000000000000,0.164771070000
1504988471,4300.010000000000,0.000002310000
1504988473,4300.010000000000,0.584697420000
1504988473,4300.010000000000,0.065310620000
1504988473,4300.010000000000,0.015829550000
1504988473,4300.010000000000,0.035138630000
1504988473,4300.010000000000,0.033695590000
1504988473,4300.010000000000,0.322137110000
1504988477,4300.010000000000,0.010000000000
1504988482,4300.010000000000,0.000002310000
1504988491,4300.010000000000,0.030000000000
1504988491,4300.010000000000,0.000002310000
1504988492,4300.010000000000,0.231977650000
1504988494,4300.010000000000,0.451181400000
1504988494,4300.010000000000,0.018189270000
1504988494,4300.010000000000,0.111133090000
1504988494,4300.010000000000,0.011487270000
1504988494,4300.010000000000,0.008512730000
1504988494,4300.010000000000,0.216298700000
1504988494,4300.010000000000,0.194302070000
1504988494,4300.010000000000,0.488895470000
1504988497,4300.000000000000,0.017076710000
1504988499,4300.010000000000,0.321400000000
1504988501,4300.010000000000,0.000002310000
1504988512,4300.010000000000,0.000002310000
1504988513,4300.010000000000,0.010000000000
1504988518,4300.010000000000,0.045000000000
1504988518,4300.010000000000,0.015000000000
1504988522,4300.010000000000,0.000002310000
1504988531,4300.010000000000,0.000002310000
1504988540,4300.000000000000,0.082397190000
1504988540,4300.000000000000,0.159629300000
1504988541,4300.010000000000,0.000002310000
1504988543,4300.000000000000,0.247248470000
1504988544,4300.010000000000,0.000011590000
1504988550,4300.000000000000,0.011636000000
1504988551,4300.010000000000,0.000002310000
1504988561,4300.010000000000,0.000002310000
1504988562,4300.010000000000,0.499976860000
1504988562,4300.010000000000,0.157423140000
1504988571,4300.010000000000,0.000002310000
1504988582,4300.010000000000,0.000002310000
1504988589,4300.010000000000,0.463955300000
1504988592,4300.010000000000,0.000002310000
1504988594,4300.010000000000,2.786600000000
1504988602,4300.010000000000,0.000002310000
1504988612,4300.010000000000,0.000002310000
1504988622,4300.010000000000,0.000002310000
1504988626,4300.000000000000,0.284918520000
1504988626,4300.000000000000,0.020000000000
1504988626,4299.990000000000,0.010000000000
1504988626,4299.300000000000,0.035377520000
1504988626,4299.300000000000,0.035377520000
1504988626,4299.300000000000,0.035377520000
1504988626,4299.300000000000,0.035377520000
1504988626,4299.300000000000,0.035377520000
1504988626,4299.300000000000,0.035377520000
1504988626,4299.300000000000,0.035377520000
1504988626,4299.300000000000,0.035377520000
1504988626,4299.300000000000,0.035377520000
1504988626,4299.300000000000,0.035377520000
1504988626,4299.070000000000,0.406606280000
1504988631,4299.010000000000,3.562789760000
1504988632,4299.010000000000,0.000002320000
1504988642,4299.010000000000,0.000002320000
1504988651,4299.010000000000,0.000002320000
1504988657,4299.010000000000,0.319993040000
1504988657,4299.010000000000,1.734206960000
1504988661,4299.010000000000,0.000002320000
1504988664,4299.010000000000,0.000011600000
1504988669,4299.000000000000,1.179000000000
1504988671,4298.080000000000,0.000002320000
1504988681,4298.080000000000,0.000002320000
1504988689,4298.080000000000,0.804500000000
1504988691,4298.080000000000,0.000002320000
1504988692,4298.070000000000,0.010000000000
1504988692,4297.770000000000,0.200000000000
1504988692,4291.040000000000,0.476400000000
1504988692,4291.000000000000,0.070000000000
1504988692,4291.000000000000,0.150000000000
1504988692,4291.000000000000,0.020001000000
1504988692,4291.000000000000,0.010000000000
1504988692,4290.960000000000,0.020001000000
1504988692,4290.960000000000,0.020001000000
1504988692,4290.960000000000,0.020001000000
1504988692,4290.960000000000,0.003596000000
1504988702,4290.970000000000,0.000002320000
1504988710,4290.960000000000,0.016405000000
1504988710,4290.510000000000,0.615800000000
1504988710,4290.500000000000,0.169000000000
1504988710,4290.000000000000,0.250000000000
1504988710,4290.000000000000,0.233100000000
1504988710,4290.000000000000,1.000000000000
1504988710,4290.000000000000,0.112380930000
1504988712,4290.010000000000,0.000002320000
1504988714,4290.010000000000,0.010000000000
1504988720,4290.010000000000,0.434629680000
1504988720,4290.010000000000,0.094670320000
1504988720,4290.010000000000,0.020000000000
1504988720,4290.010000000000,0.020000000000
1504988722,4290.010000000000,0.000002320000
1504988724,4290.010000000000,0.010000000000
1504988732,4290.010000000000,0.000002320000
1504988742,4290.010000000000,0.000002320000
1504988745,4290.010000000000,0.039993040000
1504988745,4291.150000000000,1.214083860000
1504988752,4291.150000000000,1.170800000000
1504988752,4291.150000000000,0.000002320000
1504988762,4291.150000000000,0.000002320000
1504988772,4291.150000000000,0.000002320000
1504988782,4291.150000000000,0.000002320000
1504988784,4291.150000000000,0.660500000000
1504988784,4291.150000000000,0.000011620000
1504988789,4291.150000000000,0.060000000000
1504988792,4291.150000000000,0.000002320000
1504988796,4291.150000000000,0.010000000000
1504988802,4291.150000000000,0.000002320000
1504988803,4291.150000000000,0.039995360000
1504988803,4291.150000000000,0.022777050000
1504988803,4291.150000000000,0.874224400000
1504988811,4291.150000000000,0.040057940000
1504988811,4291.500000000000,0.029942060000
1504988812,4291.500000000000,0.000002320000
1504988815,4291.500000000000,0.022024140000
1504988815,4291.980000000000,1.272175860000
1504988820,4291.980000000000,0.098174840000
1504988822,4291.980000000000,0.000002320000
1504988831,4291.980000000000,0.000002320000
1504988842,4291.980000000000,0.000002320000
1504988847,4291.980000000000,0.629642340000
1504988847,4291.980000000000,0.050000000000
1504988847,4297.570000000000,0.337157660000
1504988848,4296.000000000000,0.580485470000
1504988852,4297.580000000000,0.000002320000
1504988861,4297.320000000000,0.000002320000
1504988871,4297.580000000000,0.000002320000
1504988878,4297.570000000000,0.156800000000
1504988882,4297.580000000000,0.000002320000
1504988892,4297.580000000000,0.000002320000
1504988902,4297.580000000000,0.000002320000
1504988904,4297.580000000000,0.000011600000
1504988907,4297.580000000000,0.049983760000
1504988907,4297.580000000000,0.149165600000
1504988910,4297.580000000000,0.212000000000
1504988910,4297.580000000000,0.010000000000
1504988912,4297.580000000000,0.000002320000
1504988922,4297.580000000000,0.000002320000
1504988932,4297.580000000000,0.000002320000
1504988941,4297.580000000000,0.743500000000
1504988942,4297.580000000000,0.000232100000
1504988942,4297.580000000000,0.000002320000
1504988943,4297.580000000000,0.232108820000
1504988943,4297.580000000000,0.031102580000
1504988951,4297.580000000000,0.000002320000
1504988956,4297.580000000000,0.020000000000
1504988962,4297.580000000000,0.000002320000
1504988971,4297.580000000000,0.000002320000
1504988973,4297.580000000000,0.185900000000
1504988980,4297.580000000000,0.050000000000
1504988982,4297.580000000000,0.000002320000
1504988988,4297.580000000000,0.078601610000
1504988991,4297.580000000000,0.000002320000
1504989000,4297.580000000000,0.000232100000
1504989002,4297.580000000000,0.000002320000
1504989003,4297.580000000000,0.021456130000
1504989004,4297.580000000000,0.779700000000
1504989006,4297.580000000000,0.021800000000
1504989011,4297.580000000000,0.000002320000
1504989021,4297.580000000000,0.000002320000
1504989031,4297.580000000000,0.000002320000
1504989036,4297.580000000000,1.513600000000
1504989041,4297.580000000000,0.000002320000
1504989049,4297.580000000000,0.000011600000
1504989050,4297.570000000000,0.674700000000
1504989051,4297.580000000000,0.000002320000
1504989059,4297.580000000000,0.269524760000
1504989062,4297.580000000000,0.000002320000
1504989068,4297.580000000000,0.759000000000
1504989071,4297.580000000000,0.000002320000
1504989073,4297.580000000000,0.010000000000
1504989074,4297.580000000000,0.022100000000
1504989081,4297.580000000000,0.000002320000
1504989092,4297.580000000000,0.000002320000
1504989095,4297.580000000000,0.261088540000
1504989095,4297.580000000000,0.241742900000
1504989096,4297.580000000000,0.056707980000
1504989096,4297.570000000000,1.668500000000
1504989096,4297.570000000000,1.980000000000
1504989096,4297.570000000000,0.030000000000
1504989096,4297.570000000000,0.010000000000
1504989096,4297.570000000000,0.058172400000
1504989096,4297.570000000000,0.011372650000
1504989096,4297.570000000000,0.050000000000
1504989096,4297.570000000000,0.050000000000
1504989096,4297.570000000000,0.280000000000
1504989096,4297.570000000000,0.010000000000
1504989096,4297.570000000000,0.530000000000
1504989099,4297.560000000000,0.194209110000
1504989099,4297.560000000000,0.335790890000
1504989099,4297.570000000000,0.789009110000
1504989101,4297.570000000000,0.000002320000
1504989104,4297.560000000000,0.060000000000
1504989109,4297.560000000000,0.414842470000
1504989111,4297.550000000000,0.065000000000
1504989111,4297.550000000000,0.010000000000
1504989111,4297.550000000000,0.370955110000
1504989111,4297.560000000000,0.000002320000
1504989112,4297.560000000000,0.030000000000
1504989114,4297.560000000000,0.028353540000
1504989117,4297.550000000000,0.109785790000
1504989120,4297.550000000000,0.028296840000
1504989122,4297.550000000000,0.000002320000
1504989129,4297.550000000000,0.023600000000
1504989131,4297.530000000000,0.020000000000
1504989131,4296.000000000000,0.341400000000
1504989132,4297.530000000000,0.000002320000
1504989142,4296.010000000000,0.000002320000
1504989144,4296.010000000000,0.000011600000
1504989145,4296.010000000000,0.030000000000
1504989152,4296.010000000000,0.000002320000
1504989160,4296.000000000000,0.020000000000
1504989160,4296.000000000000,2.638600000000
1504989160,4295.920000000000,0.020000000000
1504989162,4295.020000000000,0.000002320000
1504989162,4295.010000000000,0.010000000000
1504989162,4295.000000000000,0.010000000000
1504989163,4295.010000000000,0.713800000000
1504989163,4295.010000000000,0.240000000000
1504989163,4295.010000000000,0.850000000000
1504989163,4295.010000000000,0.491500000000
1504989172,4295.010000000000,0.000002320000
1504989182,4295.010000000000,0.000002320000
1504989191,4295.010000000000,0.000002320000
1504989195,4295.010000000000,0.429993040000
1504989195,4295.010000000000,0.291106960000
1504989201,4295.010000000000,0.000002320000
1504989211,4295.010000000000,0.000002320000
1504989221,4295.010000000000,0.000002320000
1504989222,4295.000000000000,0.040000000000
1504989222,4295.000000000000,0.023282880000
1504989222,4292.830000000000,0.030000000000
1504989222,4290.900000000000,0.020000000000
1504989222,4290.030000000000,0.770000000000
1504989222,4290.020000000000,0.114239730000
1504989226,4290.010000000000,1.021065000000
1504989226,4290.010000000000,0.210000000000
1504989226,4290.010000000000,0.058172400000
1504989226,4290.010000000000,0.530000000000
1504989226,4290.010000000000,0.528862600000
1504989231,4290.010000000000,0.000002320000
1504989242,4290.010000000000,0.000002320000
1504989246,4290.010000000000,0.232518390000
1504989252,4290.010000000000,0.000002320000
1504989258,4290.010000000000,0.110000000000
1504989258,4290.010000000000,0.394100000000
1504989262,4290.010000000000,0.000002320000
1504989264,4290.010000000000,0.000011620000
1504989272,4290.010000000000,0.000002320000
1504989289,4290.000000000000,0.040204070000
1504989289,4290.000000000000,0.033000000000
1504989289,4290.000000000000,0.050000000000
1504989289,4290.000000000000,0.530000000000
1504989289,4289.190000000000,0.030000000000
1504989289,4288.000000000000,0.564095930000
1504989292,4288.010000000000,0.000002320000
1504989302,4288.010000000000,0.000002320000
1504989311,4288.010000000000,0.000002320000
1504989312,4288.010000000000,0.030000000000
1504989314,4288.010000000000,0.070907340000
1504989319,4288.000000000000,0.610904070000
1504989319,4287.740000000000,0.389095930000
1504989321,4287.750000000000,0.344511000000
1504989321,4287.750000000000,0.052089000000
1504989321,4287.750000000000,0.000002320000
1504989322,4287.750000000000,0.030000000000
1504989323,4287.750000000000,0.050000000000
1504989332,4287.750000000000,0.000002320000
1504989336,4287.740000000000,0.060904070000
1504989336,4287.010000000000,5.000000000000
1504989336,4281.000000000000,0.101000000000
1504989336,4281.000000000000,0.050000000000
1504989336,4280.500000000000,0.200000000000
1504989336,4280.490000000000,0.930905680000
1504989338,4286.060000000000,0.010000000000
1504989341,4286.030000000000,0.050000000000
1504989341,4286.040000000000,0.192528990000
1504989341,4286.020000000000,0.038806500000
1504989342,4286.020000000000,0.000002320000
1504989352,4281.870000000000,0.000002320000
1504989353,4281.820000000000,0.300000000000
1504989353,4281.840000000000,0.125800000000
1504989362,4281.950000000000,0.000002320000
1504989368,4281.950000000000,0.012510770000
1504989368,4281.950000000000,0.050000000000
1504989368,4281.990000000000,0.356430200000
1504989368,4281.990000000000,0.380507290000
1504989368,4281.950000000000,0.179375250000
1504989371,4281.990000000000,0.000002320000
1504989374,4281.990000000000,0.090000000000
1504989380,4281.980000000000,0.026632780000
1504989380,4281.990000000000,0.020000000000
1504989380,4281.990000000000,0.020000000000
1504989380,4281.990000000000,0.103516920000
1504989381,4281.990000000000,0.000002320000
1504989384,4281.990000000000,1.000000000000
1504989384,4281.990000000000,0.215505180000
1504989384,4281.990000000000,0.090294820000
1504989385,4281.990000000000,0.000011640000
1504989391,4281.990000000000,0.000002320000
1504989395,4281.990000000000,0.020000000000
1504989401,4281.990000000000,0.000002320000
1504989411,4281.990000000000,0.000002320000
1504989413,4281.990000000000,0.070000000000
1504989416,4281.990000000000,0.177000000000
1504989419,4281.980000000000,0.768367220000
1504989419,4281.980000000000,1.231632780000
1504989420,4281.990000000000,0.311514010000
1504989420,4281.990000000000,0.050000000000
1504989420,4281.990000000000,3.672476810000
1504989420,4282.010000000000,0.625084090000
1504989422,4282.010000000000,0.010000000000
1504989422,4282.010000000000,0.000002320000
1504989422,4282.010000000000,0.010000000000
1504989428,4288.300000000000,0.026156560000
1504989428,4288.300000000000,0.083843440000
1504989432,4289.320000000000,0.000002320000
1504989434,4289.320000000000,0.016515760000
1504989434,4289.320000000000,0.033481920000
1504989434,4291.710000000000,0.005998090000
1504989438,4291.700000000000,0.030000000000
1504989442,4291.710000000000,0.000002320000
1504989448,4291.720000000000,0.050000000000
1504989448,4292.000000000000,1.533200000000
1504989452,4292.000000000000,0.000002320000
1504989456,4291.990000000000,0.040000000000
1504989456,4291.990000000000,0.020000000000
1504989456,4287.930000000000,0.020000000000
1504989456,4286.890000000000,0.189328030000
1504989458,4291.990000000000,0.300000000000
1504989458,4292.000000000000,0.118339750000
1504989462,4292.000000000000,0.000002320000
1504989462,4292.000000000000,0.010000000000
1504989469,4292.010000000000,0.030000000000
1504989471,4292.010000000000,0.000002320000
1504989473,4292.010000000000,0.150000000000
1504989479,4292.010000000000,1.201600000000
1504989482,4292.010000000000,0.000002320000
1504989492,4292.010000000000,0.000002320000
1504989502,4292.010000000000,0.000002320000
1504989504,4292.010000000000,0.000011620000
1504989508,4292.010000000000,0.014956220000
1504989511,4292.010000000000,0.099200000000
1504989512,4292.010000000000,0.000002320000
1504989519,4292.010000000000,0.010000000000
1504989522,4292.010000000000,0.000002320000
1504989524,4292.010000000000,0.010000000000
1504989532,4292.010000000000,0.000002320000
1504989542,4292.010000000000,0.000002320000
1504989542,4292.000000000000,0.020000000000
1504989542,4292.000000000000,0.020000000000
1504989542,4292.000000000000,0.003100000000
1504989542,4291.990000000000,0.010000000000
1504989542,4285.000000000000,0.010000000000
1504989542,4284.800000000000,0.030000000000
1504989542,4282.990000000000,0.069800000000
1504989545,4283.120000000000,0.020000000000
1504989545,4283.120000000000,0.020000000000
1504989545,4283.120000000000,0.200807000000
1504989547,4291.890000000000,0.040531940000
1504989551,4291.500000000000,0.000002320000
1504989561,4286.960000000000,0.000002320000
1504989563,4281.220000000000,0.300000000000
1504989563,4281.220000000000,0.200000000000
1504989563,4281.210000000000,0.200000000000
1504989563,4281.130000000000,0.011710920000
1504989563,4280.060000000000,0.788289080000
1504989571,4285.960000000000,0.000002320000
1504989574,4285.770000000000,0.000232740000
1504989575,4285.620000000000,0.200000000000
1504989575,4285.620000000000,0.409400000000
1504989575,4285.640000000000,0.790000000000
1504989575,4286.970000000000,0.172000000000
1504989578,4280.230000000000,0.600900000000
1504989578,4280.230000000000,0.899100000000
1504989579,4285.570000000000,0.013958570000
1504989581,4285.510000000000,0.000002320000
1504989588,4284.990000000000,0.026171730000
1504989591,4284.990000000000,0.000002320000
1504989593,4284.990000000000,0.010000000000
1504989596,4284.800000000000,0.010027800000
1504989599,4284.750000000000,0.130000000000
1504989599,4284.750000000000,0.010000000000
1504989600,4284.750000000000,0.000232800000
1504989602,4284.750000000000,0.000002320000
1504989605,4284.740000000000,0.317629150000
1504989607,4284.740000000000,0.425800000000
1504989607,4284.740000000000,0.096490920000
1504989612,4284.730000000000,0.000002320000
1504989622,4284.730000000000,0.000002320000
1504989627,4284.720000000000,0.258012190000
1504989627,4284.720000000000,0.540000000000
1504989627,4284.720000000000,1.500802420000
1504989632,4284.730000000000,0.000002320000
1504989634,4284.730000000000,0.000011640000
1504989639,4284.730000000000,0.009981400000
1504989639,4284.730000000000,0.050000000000
1504989639,4284.740000000000,0.100000000000
1504989639,4284.750000000000,0.159764880000
1504989639,4284.990000000000,0.100253720000
1504989640,4284.990000000000,0.233056850000
1504989641,4285.000000000000,0.079008090000
1504989642,4285.000000000000,0.040768000000
1504989642,4284.990000000000,0.010000000000
1504989642,4284.980000000000,0.000002320000
1504989652,4284.990000000000,0.000002320000
1504989662,4285.000000000000,0.000002320000
1504989666,4285.000000000000,14.150000000000
1504989667,4285.000000000000,0.013973480000
1504989667,4285.000000000000,1.440613100000
1504989670,4285.000000000000,2.953600000000
1504989671,4285.000000000000,0.004655800000
1504989672,4285.000000000000,0.000002320000
1504989675,4285.000000000000,0.242312170000
1504989680,4285.000000000000,0.046009830000
1504989681,4285.000000000000,0.000002320000
1504989684,4285.000000000000,1.017346750000
1504989684,4285.000000000000,0.112532910000
1504989685,4285.000000000000,2.655556710000
1504989685,4285.000000000000,0.050000000000
1504989685,4285.000000000000,4.310000000000
1504989686,4291.430000000000,0.330381170000
1504989687,4291.430000000000,0.102582660000
1504989691,4291.430000000000,0.000002320000
1504989695,4291.430000000000,0.046427480000
1504989696,4291.430000000000,0.041402540000
1504989697,4291.430000000000,0.005167660000
1504989697,4291.430000000000,4.170000000000
1504989697,4292.010000000000,0.484213600000
1504989697,4292.850000000000,0.011710920000
1504989700,4294.990000000000,0.050000000000
1504989701,4295.000000000000,0.000002320000
1504989702,4295.000000000000,0.009997680000
1504989702,4297.000000000000,0.020000000000
1504989702,4297.860000000000,0.239602320000
1504989711,4297.860000000000,0.000002320000
1504989722,4297.860000000000,0.009997680000
1504989722,4298.000000000000,0.910002320000
1504989722,4298.000000000000,0.000002320000
1504989724,4297.990000000000,0.100000000000
1504989732,4298.000000000000,0.000002320000
1504989734,4298.000000000000,1.289600000000
1504989742,4298.000000000000,0.000002320000
1504989744,4298.000000000000,0.000011600000
1504989752,4298.000000000000,0.000002320000
1504989754,4297.990000000000,0.595491490000
1504989762,4298.000000000000,0.000002320000
1504989765,4298.000000000000,0.232000000000
1504989766,4297.990000000000,0.020000000000
1504989766,4297.990000000000,0.020000000000
1504989772,4298.000000000000,0.000002320000
1504989782,4298.000000000000,0.000002320000
1504989787,4298.000000000000,0.012500000000
1504989791,4298.000000000000,0.000002320000
1504989797,4298.000000000000,0.555867520000
1504989797,4298.000000000000,1.082932480000
1504989799,4298.000000000000,0.259769210000
1504989801,4298.000000000000,0.000002320000
1504989806,4298.000000000000,0.011051940000
1504989807,4298.000000000000,0.010000000000
1504989811,4298.000000000000,0.000002320000
1504989819,4298.000000000000,0.009961130000
1504989821,4298.000000000000,0.000002320000
1504989821,4298.000000000000,0.030000000000
1504989826,4298.000000000000,0.010000000000
1504989828,4298.000000000000,1.586278280000
1504989828,4298.000000000000,0.247221720000
1504989831,4298.000000000000,0.000002320000
1504989842,4298.000000000000,0.000232080000
1504989842,4298.000000000000,0.000002320000
1504989845,4298.000000000000,0.020000000000
1504989852,4298.000000000000,0.000002320000
1504989859,4298.000000000000,0.748800000000
1504989860,4298.000000000000,0.023475180000
1504989861,4298.000000000000,0.080000000000
1504989862,4298.000000000000,0.000002320000
1504989864,4298.000000000000,0.000011600000
1504989872,4298.000000000000,0.000002320000
1504989875,4298.000000000000,0.010000000000
1504989882,4298.000000000000,0.000002320000
1504989889,4298.000000000000,0.140000000000
1504989891,4298.000000000000,0.169000000000
1504989892,4298.000000000000,0.000002320000
1504989895,4298.000000000000,0.019584610000
1504989902,4298.000000000000,0.000002320000
1504989909,4298.000000000000,0.050000000000
1504989911,4298.000000000000,0.000002320000
1504989920,4298.000000000000,0.040000000000
1504989921,4298.000000000000,0.000002320000
1504989923,4298.000000000000,0.088600000000
1504989931,4298.000000000000,0.000002320000
1504989933,4298.000000000000,0.020000000000
1504989933,4298.000000000000,0.020000000000
1504989941,4298.000000000000,0.000002320000
1504989942,4298.000000000000,0.010000000000
1504989949,4298.000000000000,0.010000000000
1504989951,4298.000000000000,0.000002320000
1504989954,4298.000000000000,1.144500000000
1504989957,4298.000000000000,0.405768690000
1504989957,4298.000000000000,0.680285720000
1504989957,4298.000000000000,1.142679640000
1504989961,4298.000000000000,0.000002320000
1504989965,4298.000000000000,0.249629750000
1504989965,4298.000000000000,0.050370250000
1504989965,4298.000000000000,0.020000000000
1504989965,4298.000000000000,0.049105300000
1504989967,4298.000000000000,0.000894700000
1504989967,4298.130000000000,0.010000000000
1504989967,4298.130000000000,0.017616910000
1504989967,4299.410000000000,0.010700000000
1504989967,4299.410000000000,0.027600000000
1504989967,4299.810000000000,0.010700000000
1504989967,4299.810000000000,0.027600000000
1504989967,4299.990000000000,0.861351010000
1504989968,4299.990000000000,0.072252790000
1504989971,4300.000000000000,0.000002310000
1504989979,4300.000000000000,0.009997690000
1504989979,4300.000000000000,0.000002310000
1504989981,4300.000000000000,0.000002310000
1504989982,4300.000000000000,0.009995380000
1504989982,4300.000000000000,0.780871110000
1504989984,4300.000000000000,0.000011590000
1504989986,4300.000000000000,0.098794870000
1504989986,4300.000000000000,0.081435430000
1504989986,4300.000000000000,0.130000000000
1504989986,4300.000000000000,0.271514690000
1504989986,4300.000000000000,1.000000000000
1504989986,4300.000000000000,0.050000000000
1504989986,4300.000000000000,0.020000000000
1504989986,4300.010000000000,0.954449880000
1504989987,4300.010000000000,0.384550120000
1504989987,4300.010000000000,0.061363620000
1504989988,4300.010000000000,0.154115180000
1504989988,4300.010000000000,0.009671720000
1504989991,4300.010000000000,0.000002310000
1504989997,4300.000000000000,0.524000000000
1504989997,4300.000000000000,0.236404000000
1504989997,4300.000000000000,13.710000000000
1504989997,4300.000000000000,0.060000000000
1504989997,4300.000000000000,0.010000000000
1504989997,4300.000000000000,0.057906970000
1504989997,4300.000000000000,0.010000000000
1504989997,4300.000000000000,0.030000000000
1504989997,4300.000000000000,2.750000000000
1504989997,4300.000000000000,0.116046500000
1504989997,4300.000000000000,0.214677910000
1504989997,4300.000000000000,0.308685890000
1504989997,4300.000000000000,0.117346720000
1504989998,4299.980000000000,0.011011940000
1504989999,4299.980000000000,0.010000000000
1504990001,4299.980000000000,0.000002310000
1504990011,4299.980000000000,0.000002310000
1504990012,4299.920000000000,0.100000000000
1504990017,4299.970000000000,0.338300000000
1504990018,4299.930000000000,0.078236080000
1504990022,4299.940000000000,0.000002310000
1504990024,4299.980000000000,0.030000000000
1504990031,4299.890000000000,0.000002310000
1504990041,4299.960000000000,0.010000000000
1504990041,4299.950000000000,0.000002310000
1504990049,4299.980000000000,0.020000000000
1504990049,4299.990000000000,1.956200000000
1504990052,4299.990000000000,0.000002310000
1504990062,4299.980000000000,0.000002310000
1504990072,4299.980000000000,0.000002310000
1504990076,4299.980000000000,0.013685100000
1504990080,4299.980000000000,0.036310280000
1504990080,4299.980000000000,0.650000000000
1504990080,4299.990000000000,2.970389720000
1504990082,4299.990000000000,0.000002310000
1504990085,4299.990000000000,0.030000000000
1504990090,4299.990000000000,0.043059760000
1504990091,4299.990000000000,0.000002310000
1504990101,4299.990000000000,0.000002310000
1504990104,4299.990000000000,0.000011590000
1504990111,4299.990000000000,0.000002310000
1504990111,4299.980000000000,0.020000000000
1504990111,4299.980000000000,0.020000000000
1504990112,4299.990000000000,0.403300000000
1504990121,4299.990000000000,0.000002310000
1504990131,4299.990000000000,0.000002310000
1504990135,4299.990000000000,0.010000000000
1504990139,4299.980000000000,0.116047700000
1504990139,4299.980000000000,0.075000000000
1504990139,4299.980000000000,0.017907610000
1504990141,4299.890000000000,0.000002310000
1504990144,4299.880000000000,0.010000000000
1504990144,4298.000000000000,0.020000000000
1504990144,4298.000000000000,0.052000000000
1504990144,4297.990000000000,0.010000000000
1504990144,4297.990000000000,0.030000000000
1504990144,4292.310000000000,0.150000000000
1504990144,4291.210000000000,0.300000000000
1504990144,4291.210000000000,0.100600000000
1504990161,4295.880000000000,0.000002320000
1504990164,4295.760000000000,0.278648590000
1504990171,4295.760000000000,0.000002320000
1504990175,4295.760000000000,0.021349090000
1504990175,4295.760000000000,0.050000000000
1504990175,4297.660000000000,0.569150910000
1504990181,4297.350000000000,0.000002320000
1504990191,4297.900000000000,0.000002320000
1504990198,4297.000000000000,0.010000000000
1504990200,4297.900000000000,0.000232090000
1504990202,4297.900000000000,0.000002320000
1504990207,4297.900000000000,0.011978540000
1504990207,4297.900000000000,0.012215270000
1504990207,4297.900000000000,0.009106190000
1504990209,4297.900000000000,0.003109080000
1504990209,4297.900000000000,0.012215270000
1504990209,4297.900000000000,0.012215270000
1504990209,4297.900000000000,0.012215270000
1504990209,4297.900000000000,0.012215270000
1504990209,4297.900000000000,0.012215270000
1504990209,4297.900000000000,0.012215270000
1504990209,4297.900000000000,0.012215270000
1504990209,4297.900000000000,0.012215270000
1504990209,4297.900000000000,0.012215270000
1504990209,4298.000000000000,0.277400000000
1504990209,4298.000000000000,0.607526520000
1504990212,4298.000000000000,0.000002320000
1504990220,4297.980000000000,0.037599290000
1504990220,4297.980000000000,0.258644240000
1504990220,4297.980000000000,0.038374440000
1504990220,4297.980000000000,0.167908840000
1504990220,4297.980000000000,0.175294690000
1504990220,4297.980000000000,0.152178500000
1504990221,4297.980000000000,0.010000000000
1504990222,4297.980000000000,0.000002320000
1504990223,4297.980000000000,0.030000000000
1504990226,4297.980000000000,0.012955700000
1504990227,4297.980000000000,0.029006140000
1504990232,4297.980000000000,0.000002320000
1504990234,4297.980000000000,0.099922330000
1504990234,4297.980000000000,0.030077670000
1504990235,4297.980000000000,0.000011600000
1504990238,4297.980000000000,0.025200000000
1504990238,4297.980000000000,0.060000000000
1504990239,4297.980000000000,0.018283660000
1504990239,4297.980000000000,0.061716340000
1504990242,4297.990000000000,0.000002320000
1504990248,4297.970000000000,0.002037730000
1504990250,4297.960000000000,0.017869540000
1504990251,4297.960000000000,0.059518330000
1504990251,4297.960000000000,0.012612130000
1504990251,4297.960000000000,0.020000000000
1504990252,4297.970000000000,0.000002320000
1504990262,4297.970000000000,0.000002320000
1504990270,4297.100000000000,0.070200000000
1504990272,4297.970000000000,0.000002320000
1504990276,4297.970000000000,0.099231440000
1504990277,4297.970000000000,0.030000000000
1504990280,4297.970000000000,0.020773940000
1504990280,4297.970000000000,0.069226060000
1504990282,4297.970000000000,0.000002320000
1504990292,4297.970000000000,0.000002320000
1504990295,4297.970000000000,0.034243580000
1504990295,4297.970000000000,0.035756420000
1504990299,4297.970000000000,0.030000000000
1504990300,4297.970000000000,0.282854120000
1504990301,4297.970000000000,0.064823090000
1504990301,4297.970000000000,0.603927840000
1504990302,4297.970000000000,0.000002320000
1504990302,4297.970000000000,0.496800000000
1504990311,4297.970000000000,0.030000000000
1504990311,4297.970000000000,0.000002320000
1504990315,4297.950000000000,0.035682690000
1504990319,4297.950000000000,0.080000000000
1504990323,4297.950000000000,0.000002320000
1504990329,4297.960000000000,0.010000000000
1504990332,4297.960000000000,0.000002320000
1504990334,4297.970000000000,0.050000000000
1504990334,4297.970000000000,0.010000000000
1504990334,4298.000000000000,0.652171160000
1504990334,4298.000000000000,0.063428840000
1504990334,4298.000000000000,0.020000000000
1504990334,4298.000000000000,0.020000000000
1504990342,4298.000000000000,0.000002320000
1504990344,4298.000000000000,0.000011600000
1504990352,4297.990000000000,0.000002320000
1504990356,4297.990000000000,0.079404670000
1504990356,4297.990000000000,0.025104600000
1504990357,4297.990000000000,0.694095600000
1504990362,4297.990000000000,0.000002320000
1504990365,4297.990000000000,0.273200000000
1504990366,4297.990000000000,0.030000000000
1504990367,4297.990000000000,0.021877170000
1504990367,4297.990000000000,0.038310800000
1504990368,4297.990000000000,0.029812030000
1504990372,4297.990000000000,0.000002320000
1504990382,4298.000000000000,0.000002320000
1504990382,4298.000000000000,0.010000000000
1504990382,4298.000000000000,0.050000000000
1504990387,4298.000000000000,0.030000000000
1504990392,4298.000000000000,0.000002320000
1504990397,4298.000000000000,0.931100000000
1504990399,4298.000000000000,0.030000000000
1504990401,4298.000000000000,0.000002320000
1504990411,4298.000000000000,0.000002320000
1504990419,4298.000000000000,0.070000000000
1504990421,4298.000000000000,0.000002320000
1504990429,4298.000000000000,0.500345640000
1504990429,4298.000000000000,0.147354360000
1504990430,4298.000000000000,0.010000000000
1504990431,4298.000000000000,0.000002320000
1504990434,4298.000000000000,0.024863080000
1504990434,4298.000000000000,0.035136920000
1504990436,4298.000000000000,0.030000000000
1504990441,4298.000000000000,0.000002320000
1504990450,4297.990000000000,0.021000000000
1504990451,4298.000000000000,0.060000000000
1504990451,4298.000000000000,0.000002320000
1504990457,4298.000000000000,0.242638680000
1504990457,4298.000000000000,0.010000000000
1504990457,4298.000000000000,0.050000000000
1504990460,4298.470000000000,0.269900000000
1504990461,4298.470000000000,0.000002320000
1504990462,4298.470000000000,0.007497680000
1504990462,4298.470000000000,0.019471000000
1504990465,4298.470000000000,0.000011600000
1504990471,4298.470000000000,0.000002320000
1504990481,4298.990000000000,0.000002320000
1504990491,4298.990000000000,0.000002320000
1504990492,4298.990000000000,0.924900000000
1504990493,4298.990000000000,0.258444890000
1504990502,4299.000000000000,0.000002320000
1504990504,4299.000000000000,0.024123940000
1504990511,4299.000000000000,0.000002320000
1504990522,4299.000000000000,0.000002320000
1504990524,4299.000000000000,0.017887190000
1504990524,4298.990000000000,0.091000000000
1504990524,4299.000000000000,0.007981910000
1504990524,4299.100000000000,1.347914740000
1504990525,4299.100000000000,0.210252960000
1504990532,4299.090000000000,0.000002320000
1504990541,4299.090000000000,0.000002320000
1504990545,4299.090000000000,0.029442200000
1504990545,4299.090000000000,0.030395890000
1504990545,4299.090000000000,0.299915890000
1504990551,4299.100000000000,0.100278810000
1504990552,4299.100000000000,0.000002320000
1504990556,4299.100000000000,0.043403440000
1504990556,4299.100000000000,0.298147730000
1504990556,4299.360000000000,0.012211120000
1504990556,4299.800000000000,0.221900000000
1504990556,4299.800000000000,0.746041150000
1504990562,4299.800000000000,0.000002310000
